Symbol,Last,Ask,AskSize,Bid,BidSize,Volume,TradeTime
AAPL,177.645,177.66,400,177.64,600,14920552,2023-05-30T14:11:48Z
AAPL,177.63,177.64,600,177.62,200,14921968,
AAPL,,177.63,100,,100,14922517,2023-05-30T14:11:49Z
AAPL,,,200,,200,14923732,2023-05-30T14:11:50Z
AAPL,,,400,,,14923785,
AAPL,177.62,177.62,500,177.61,100,14924431,2023-05-30T14:11:52Z
AAPL,177.58,177.59,400,177.57,200,14926546,2023-05-30T14:11:53Z
AAPL,177.59,177.6,100,177.59,100,14927027,2023-05-30T14:11:54Z
AAPL,,177.58,200,177.57,,14927246,2023-05-30T14:11:55Z
AAPL,177.57,,400,177.56,200,14929243,2023-05-30T14:11:56Z
AAPL,,,300,,300,14930872,2023-05-30T14:11:57Z
AAPL,177.58,177.59,100,177.58,200,14931808,2023-05-30T14:11:58Z
AAPL,177.6,177.6,300,,400,14932723,2023-05-30T14:11:59Z
AAPL,177.59,,400,,200,14934434,2023-05-30T14:12:00Z
AAPL,177.58,177.58,300,177.56,400,14934814,2023-05-30T14:12:01Z
AAPL,177.57,,500,,300,14935761,2023-05-30T14:12:02Z
AAPL,177.55,177.56,300,177.55,100,14937536,2023-05-30T14:12:03Z
AAPL,177.565,,200,,,14940834,2023-05-30T14:12:04Z
AAPL,177.555,,300,,,14942734,2023-05-30T14:12:05Z
AAPL,177.545,177.55,100,177.53,600,14944181,2023-05-30T14:12:06Z
AAPL,177.55,177.56,300,177.54,100,14944628,2023-05-30T14:12:07Z
AAPL,,,200,,200,14945943,2023-05-30T14:12:08Z
AAPL,,,300,177.55,100,14946141,
AAPL,177.53,177.54,400,177.52,,14949361,2023-05-30T14:12:10Z
AAPL,,,600,177.51,900,14951773,2023-05-30T14:12:12Z
AAPL,177.54,177.55,200,177.53,400,14953949,2023-05-30T14:12:13Z
AAPL,,,100,177.54,100,14954291,2023-05-30T14:12:14Z
AAPL,,177.54,,177.53,200,14954499,2023-05-30T14:12:15Z
AAPL,177.5305,177.55,500,,,14956353,2023-05-30T14:12:16Z
AAPL,177.54,,,,,14957553,2023-05-30T14:12:17Z
AAPL,177.53,177.52,100,177.51,300,14959070,2023-05-30T14:12:18Z
AAPL,177.515,,300,177.5,400,14989249,2023-05-30T14:12:19Z
AAPL,177.502,,200,,700,14991540,2023-05-30T14:12:20Z
AAPL,177.52,177.53,500,177.51,400,14993629,2023-05-30T14:12:21Z
AAPL,177.505,177.51,,177.49,300,14996636,2023-05-30T14:12:23Z
AAPL,177.5,,,,400,14997343,
AAPL,177.51,177.52,300,177.5,,14998903,2023-05-30T14:12:24Z
AAPL,,177.53,400,177.51,600,15015268,2023-05-30T14:12:25Z
AAPL,177.535,177.54,,177.52,500,15016345,2023-05-30T14:12:26Z
AAPL,177.53,,200,,600,15017214,2023-05-30T14:12:27Z
AAPL,,,100,177.53,100,15017583,2023-05-30T14:12:28Z
AAPL,177.56,177.56,200,177.54,500,15019628,2023-05-30T14:12:30Z
AAPL,177.54,177.54,500,177.53,100,15026441,
AAPL,177.53,,,177.52,600,15027638,2023-05-30T14:12:31Z
AAPL,177.535,,300,177.53,100,15028620,2023-05-30T14:12:33Z
AAPL,177.53,,600,177.52,400,15030956,2023-05-30T14:12:34Z
AAPL,177.52,177.53,200,177.51,600,15031632,
AAPL,177.51,177.51,600,177.5,100,15032641,2023-05-30T14:12:36Z
AAPL,177.52,177.53,300,177.51,200,15033345,
AAPL,177.505,177.51,200,177.5,500,15034251,2023-05-30T14:12:37Z
AAPL,177.51,177.52,,,800,15035190,2023-05-30T14:12:38Z
AAPL,177.52,177.53,500,177.51,400,15036404,2023-05-30T14:12:39Z
AAPL,177.53,,300,,800,15036715,2023-05-30T14:12:41Z
AAPL,177.52,,400,,700,15037293,
AAPL,,177.52,100,,600,15038260,2023-05-30T14:12:42Z
AAPL,177.5212,177.53,500,177.52,100,15038847,2023-05-30T14:12:43Z
AAPL,177.48,177.49,700,177.47,200,15048394,2023-05-30T14:12:44Z
AAPL,177.485,,300,177.48,100,15049743,2023-05-30T14:12:46Z
AAPL,,,100,,,15050267,
AAPL,177.4901,177.5,200,177.49,200,15050937,2023-05-30T14:12:47Z
AAPL,177.501,177.51,300,177.5,100,15061099,2023-05-30T14:12:48Z
AAPL,177.465,177.47,100,177.46,200,15064255,2023-05-30T14:12:49Z
AAPL,177.46,,,,100,15065226,2023-05-30T14:12:50Z
AAPL,177.475,177.48,200,,400,15066433,2023-05-30T14:12:51Z
AAPL,177.48,,100,,600,15067842,2023-05-30T14:12:52Z
AAPL,177.49,177.49,,177.48,100,15068317,2023-05-30T14:12:53Z
AAPL,,,300,177.47,300,15069072,2023-05-30T14:12:54Z
AAPL,177.48,,400,,200,15069335,2023-05-30T14:12:55Z
AAPL,,,800,,100,15070100,2023-05-30T14:12:56Z
AAPL,177.465,177.47,400,177.46,200,15070494,2023-05-30T14:12:57Z
AAPL,177.46,177.46,300,177.45,3000,15072680,2023-05-30T14:12:59Z
AAPL,,177.47,,177.46,200,15074903,2023-05-30T14:13:00Z
AAPL,177.5082,177.51,,177.5,300,15079432,
AAPL,177.49,177.5,400,177.48,400,15082484,2023-05-30T14:13:02Z
AAPL,177.5,,100,177.49,200,15082700,
AAPL,177.5001,177.52,600,177.51,100,15083293,2023-05-30T14:13:03Z
AAPL,177.5117,,500,,,15083856,2023-05-30T14:13:04Z
AAPL,177.5,177.5,100,177.49,,15084709,2023-05-30T14:13:06Z
AAPL,177.495,,,,200,15085300,
AAPL,177.4997,,,,100,15085600,2023-05-30T14:13:07Z
AAPL,177.49,,200,,,15086573,2023-05-30T14:13:08Z
AAPL,177.4975,,,,,15087024,2023-05-30T14:13:09Z
AAPL,177.492,,100,,,15087697,2023-05-30T14:13:10Z
AAPL,,,200,,200,15087812,
AAPL,177.5189,177.52,500,177.51,100,15089720,2023-05-30T14:13:12Z
AAPL,177.505,177.51,100,177.5,200,15091110,2023-05-30T14:13:13Z
AAPL,177.4613,177.47,,177.46,500,15092649,2023-05-30T14:13:14Z
AAPL,177.49,177.49,400,177.47,300,15094856,2023-05-30T14:13:15Z
AAPL,177.485,,200,177.48,100,15095553,2023-05-30T14:13:16Z
AAPL,177.48,177.47,100,177.46,900,15096283,2023-05-30T14:13:17Z
AAPL,177.46,177.46,200,177.45,2600,15099460,2023-05-30T14:13:18Z
AAPL,,177.47,,177.46,100,15101035,2023-05-30T14:13:19Z
AAPL,177.47,,300,177.45,2700,15101282,2023-05-30T14:13:20Z
AAPL,177.51,177.51,100,177.5,400,15104590,2023-05-30T14:13:22Z
AAPL,177.515,177.52,500,177.51,200,15105604,
AAPL,177.52,177.53,300,,400,15109955,2023-05-30T14:13:23Z
AAPL,,,500,,200,15111775,2023-05-30T14:13:24Z
AAPL,177.515,177.52,100,177.5,400,15112972,2023-05-30T14:13:25Z
AAPL,177.5158,,,177.51,300,15115529,2023-05-30T14:13:27Z
AAPL,177.52,177.53,400,,200,15116950,
AAPL,177.535,177.54,200,177.53,,15119169,2023-05-30T14:13:28Z
AAPL,,,1100,177.52,100,15119282,
AAPL,,,900,177.53,,15123026,2023-05-30T14:13:30Z
AAPL,177.5489,177.55,100,177.54,300,15125142,2023-05-30T14:13:32Z
AAPL,177.55,177.56,4100,,200,15132200,
AAPL,177.545,177.55,400,,100,15162406,2023-05-30T14:13:33Z
AAPL,177.55,177.57,100,177.55,400,15163617,2023-05-30T14:13:34Z
AAPL,,,400,,200,15164133,
AAPL,177.5601,177.58,,177.57,100,15166291,2023-05-30T14:13:36Z
AAPL,177.585,177.59,100,177.58,200,15168520,2023-05-30T14:13:37Z
AAPL,177.578,177.58,400,177.57,100,15173185,2023-05-30T14:13:38Z
AAPL,177.585,177.59,100,177.58,700,15176488,2023-05-30T14:13:40Z
AAPL,177.6032,177.61,,177.6,100,15178329,2023-05-30T14:13:41Z
AAPL,177.6,,400,,,15178958,2023-05-30T14:13:42Z
AAPL,177.605,,200,,,15179373,2023-05-30T14:13:43Z
AAPL,177.59,177.6,600,177.58,700,15181950,2023-05-30T14:13:44Z
AAPL,177.6,177.61,700,177.59,400,15182703,2023-05-30T14:13:45Z
AAPL,177.6101,177.62,100,177.61,200,15184938,2023-05-30T14:13:46Z
AAPL,177.61,177.61,,177.6,,15185832,
AAPL,177.615,177.62,,177.61,100,15186367,2023-05-30T14:13:48Z
AAPL,177.62,177.63,500,,200,15187355,2023-05-30T14:13:49Z
AAPL,177.63,,400,,400,15188863,2023-05-30T14:13:50Z
AAPL,177.62,,,,500,15189306,
AAPL,,,,177.62,100,15189513,
AAPL,,,,,,15189652,
AAPL,,177.62,100,177.61,500,15189924,
AAPL,,177.63,500,,400,15190628,2023-05-30T14:13:55Z
AAPL,,,400,,600,15191190,2023-05-30T14:13:56Z
AAPL,177.6223,,100,177.62,300,15196765,2023-05-30T14:13:57Z
AAPL,177.6392,177.65,500,177.63,700,15202250,2023-05-30T14:13:58Z
AAPL,177.65,177.66,800,177.64,400,15204249,2023-05-30T14:13:59Z
AAPL,177.66,,300,,300,15206326,2023-05-30T14:14:00Z
AAPL,177.6599,177.65,,,,15207608,2023-05-30T14:14:01Z
AAPL,177.635,177.64,100,177.63,500,15209070,
AAPL,177.6,177.61,,177.6,200,15212563,2023-05-30T14:14:03Z
AAPL,177.5825,177.59,700,177.58,100,15215644,2023-05-30T14:14:04Z
AAPL,177.5901,177.61,800,177.59,200,15217404,2023-05-30T14:14:05Z
AAPL,177.58,177.59,200,177.57,400,15219150,2023-05-30T14:14:06Z
AAPL,177.565,177.57,100,177.56,100,15219827,2023-05-30T14:14:07Z
AAPL,177.58,177.59,,177.58,300,15222323,2023-05-30T14:14:08Z
AAPL,177.5947,177.6,400,177.59,,15223229,2023-05-30T14:14:09Z
AAPL,177.58,177.58,300,177.57,100,15224120,2023-05-30T14:14:10Z
AAPL,177.585,177.59,100,177.58,200,15226098,2023-05-30T14:14:11Z
AAPL,177.59,177.6,500,,700,15226378,2023-05-30T14:14:12Z
AAPL,,,,,400,15226489,
AAPL,177.595,,800,,700,15227257,2023-05-30T14:14:14Z
AAPL,177.615,177.61,100,177.59,500,15236303,2023-05-30T14:14:15Z
AAPL,177.59,177.6,200,177.58,400,15237284,2023-05-30T14:14:16Z
AAPL,177.5967,,,,200,15239097,2023-05-30T14:14:17Z
AAPL,177.585,177.59,,,100,15241511,2023-05-30T14:14:18Z
AAPL,177.575,177.58,100,177.57,,15241846,2023-05-30T14:14:19Z
AAPL,177.57,,500,177.56,300,15243855,2023-05-30T14:14:20Z
AAPL,177.565,177.57,200,,200,15246530,2023-05-30T14:14:21Z
AAPL,177.57,177.58,400,177.57,100,15253119,2023-05-30T14:14:22Z
AAPL,,177.59,200,177.58,200,15255866,2023-05-30T14:14:23Z
AAPL,177.58,,100,,300,15256865,2023-05-30T14:14:24Z
AAPL,177.59,177.6,200,177.59,200,15257297,
AAPL,177.6,177.61,,,600,15257824,2023-05-30T14:14:26Z
AAPL,177.63,177.64,400,177.62,,15258576,2023-05-30T14:14:27Z
AAPL,177.635,,500,,800,15258723,2023-05-30T14:14:28Z
AAPL,177.6218,177.63,200,,200,15259164,
AAPL,177.635,177.64,500,,600,15260518,2023-05-30T14:14:30Z
AAPL,177.595,177.6,700,177.58,500,15262385,2023-05-30T14:14:31Z
AAPL,177.5999,,,177.59,100,15262828,
AAPL,,,,,,15263444,2023-05-30T14:14:33Z
AAPL,177.595,,,,300,15264272,2023-05-30T14:14:34Z
AAPL,,,,,100,15264367,
AAPL,177.6,,800,,,15264728,2023-05-30T14:14:36Z
AAPL,177.575,177.58,200,177.57,200,15265403,2023-05-30T14:14:37Z
AAPL,177.58,,,,,15265548,
AAPL,177.57,,300,177.56,,15266303,2023-05-30T14:14:39Z
AAPL,,,,,400,15266508,
AAPL,177.5799,,100,177.57,200,15267313,2023-05-30T14:14:41Z
AAPL,,,,,500,15267528,
AAPL,177.5816,177.59,200,177.58,100,15269086,2023-05-30T14:14:43Z
AAPL,177.57,177.58,1600,177.57,400,15269383,2023-05-30T14:14:44Z
AAPL,,,500,177.56,200,15269948,
AAPL,177.56,177.56,,177.55,2400,15270576,2023-05-30T14:14:46Z
AAPL,177.5589,177.57,,,,15270725,
AAPL,177.54,177.55,200,177.53,1000,15274957,2023-05-30T14:14:48Z
AAPL,177.5481,177.56,100,177.54,500,15276992,
AAPL,177.57,177.57,900,177.55,400,15279901,2023-05-30T14:14:50Z
AAPL,177.545,177.56,400,177.54,100,15281727,2023-05-30T14:14:52Z
AAPL,177.565,177.57,200,177.55,400,15282198,2023-05-30T14:14:53Z
AAPL,177.53,177.53,300,177.52,100,15283310,2023-05-30T14:14:54Z
AAPL,177.5199,177.52,200,177.51,300,15286698,2023-05-30T14:14:55Z
AAPL,177.52,,300,,100,15287001,2023-05-30T14:14:56Z
AAPL,177.515,,,,,15288924,2023-05-30T14:14:57Z
AAPL,177.5099,177.51,200,177.5,200,15292420,2023-05-30T14:14:58Z
AAPL,177.52,177.53,100,177.52,,15293327,2023-05-30T14:14:59Z
AAPL,177.53,177.54,200,177.53,100,15296713,2023-05-30T14:15:00Z
AAPL,177.56,177.55,,177.54,500,15299070,2023-05-30T14:15:01Z
AAPL,177.5656,177.56,100,,700,15300599,2023-05-30T14:15:02Z
AAPL,177.555,,,177.55,100,15301192,2023-05-30T14:15:03Z
AAPL,177.55,,200,,600,15301746,
AAPL,177.56,177.57,100,,400,15302331,2023-05-30T14:15:05Z
AAPL,177.565,,200,177.56,,15302814,
AAPL,,,,,300,15311379,2023-05-30T14:15:07Z
AAPL,177.57,177.58,100,177.57,500,15312184,2023-05-30T14:15:08Z
AAPL,177.565,177.57,,177.56,300,15314776,2023-05-30T14:15:09Z
AAPL,177.5318,177.55,,177.54,200,15316960,2023-05-30T14:15:10Z
AAPL,177.5416,,500,177.53,100,15320608,2023-05-30T14:15:11Z
AAPL,177.52,177.52,100,177.5,1800,15322022,2023-05-30T14:15:13Z
AAPL,177.51,177.51,200,177.49,500,15325908,2023-05-30T14:15:14Z
AAPL,177.5,,,,600,15327128,2023-05-30T14:15:15Z
AAPL,,,,177.5,100,15327869,
AAPL,177.505,177.49,100,177.48,300,15328643,2023-05-30T14:15:16Z
AAPL,177.475,,200,177.47,500,15330325,2023-05-30T14:15:18Z
AAPL,,177.48,,,300,15330679,2023-05-30T14:15:19Z
AAPL,177.4786,,100,,,15332043,2023-05-30T14:15:20Z
AAPL,177.48,,400,,,15333345,2023-05-30T14:15:21Z
AAPL,177.47,,200,,100,15334308,
AAPL,177.4906,177.5,700,177.48,400,15340856,2023-05-30T14:15:24Z
AAPL,177.49,,200,177.49,,15342409,
AAPL,177.535,177.54,,177.53,,15345152,2023-05-30T14:15:26Z
AAPL,177.5323,177.55,400,,300,15346406,2023-05-30T14:15:27Z
AAPL,177.5491,,200,,600,15347438,2023-05-30T14:15:28Z
AAPL,177.54,,,177.54,100,15347925,2023-05-30T14:15:29Z
AAPL,,,600,177.53,600,15348298,2023-05-30T14:15:30Z
AAPL,177.57,177.58,100,177.56,,15349389,2023-05-30T14:15:31Z
AAPL,,177.57,,,500,15349825,2023-05-30T14:15:32Z
AAPL,,177.58,,177.57,100,15355062,2023-05-30T14:15:33Z
AAPL,,,300,177.56,1000,15355601,2023-05-30T14:15:34Z
AAPL,177.5778,,100,177.57,400,15356369,2023-05-30T14:15:35Z
AAPL,177.585,177.59,,177.58,,15357466,2023-05-30T14:15:36Z
AAPL,177.595,177.6,800,177.59,,15358206,2023-05-30T14:15:37Z
AAPL,177.6,,500,177.58,1100,15359307,2023-05-30T14:15:38Z
AAPL,177.56,177.56,200,177.55,100,15362153,2023-05-30T14:15:39Z
AAPL,177.55,,600,177.54,,15362651,2023-05-30T14:15:40Z
AAPL,177.56,177.57,200,177.56,200,15363218,2023-05-30T14:15:41Z
AAPL,177.55,177.56,300,177.55,,15364184,2023-05-30T14:15:42Z
AAPL,177.5523,,200,,400,15365413,2023-05-30T14:15:43Z
AAPL,177.54,177.54,,177.53,100,15370965,2023-05-30T14:15:45Z
AAPL,177.53,177.53,100,177.51,400,15416963,2023-05-30T14:15:46Z
AAPL,177.5099,177.51,,177.5,500,15418006,2023-05-30T14:15:47Z
AAPL,177.53,177.53,200,177.52,200,15419063,2023-05-30T14:15:48Z
AAPL,,177.54,500,,400,15419489,2023-05-30T14:15:49Z
AAPL,177.5237,177.52,100,177.51,300,15420392,2023-05-30T14:15:50Z
AAPL,177.5299,177.53,,177.52,,15421741,2023-05-30T14:15:51Z
AAPL,,177.54,300,177.53,,15422270,
AAPL,177.5339,,200,177.52,800,15422830,2023-05-30T14:15:53Z
AAPL,177.53,,700,,300,15423510,2023-05-30T14:15:54Z
AAPL,177.5263,177.53,300,,200,15423874,2023-05-30T14:15:55Z
AAPL,177.5,177.49,,177.48,300,15426023,2023-05-30T14:15:56Z
AAPL,177.49,177.5,400,,500,15441144,2023-05-30T14:15:57Z
AAPL,177.5,177.51,700,177.49,700,15442276,2023-05-30T14:15:58Z
AAPL,177.53,177.53,200,177.52,200,15444434,2023-05-30T14:15:59Z
AAPL,177.54,177.55,100,177.54,700,15447443,2023-05-30T14:16:00Z
AAPL,177.5599,177.56,300,177.55,100,15449247,2023-05-30T14:16:01Z
AAPL,177.5699,177.57,100,177.56,300,15452222,2023-05-30T14:16:02Z
AAPL,177.585,177.59,500,177.58,100,15452974,2023-05-30T14:16:03Z
AAPL,177.59,177.6,800,177.59,,15461480,2023-05-30T14:16:04Z
AAPL,177.6,,100,,400,15462653,2023-05-30T14:16:05Z
AAPL,177.585,177.59,,177.58,,15463493,
AAPL,177.57,177.56,,177.55,,15463965,2023-05-30T14:16:06Z
AAPL,177.585,177.58,300,177.57,100,15465328,2023-05-30T14:16:07Z
AAPL,177.56,177.56,100,177.55,300,15465731,2023-05-30T14:16:09Z
AAPL,177.535,177.54,400,177.52,600,15467596,2023-05-30T14:16:10Z
AAPL,177.53,177.53,100,,400,15468830,2023-05-30T14:16:11Z
AAPL,177.5,177.51,200,177.5,200,15470504,2023-05-30T14:16:12Z
AAPL,177.522,177.53,,177.51,800,15473304,2023-05-30T14:16:13Z
AAPL,177.53,177.54,100,177.53,500,15473545,2023-05-30T14:16:14Z
AAPL,177.555,177.56,,177.55,300,15475243,2023-05-30T14:16:16Z
AAPL,177.55,,400,,100,15475585,2023-05-30T14:16:17Z
AAPL,,,200,,400,15479770,2023-05-30T14:16:18Z
AAPL,,,100,,700,15480009,
AAPL,177.5866,177.59,,177.57,,15480699,2023-05-30T14:16:20Z
AAPL,177.585,177.6,400,177.59,100,15481395,2023-05-30T14:16:21Z
AAPL,,177.59,100,177.58,,15481470,
AAPL,177.595,177.6,,177.59,,15481640,2023-05-30T14:16:22Z
AAPL,177.59,,400,177.58,200,15482089,2023-05-30T14:16:24Z
AAPL,,177.59,100,,300,15482186,
AAPL,177.55,177.56,,177.55,700,15487582,2023-05-30T14:16:27Z
AAPL,177.5599,,,,500,15487783,
AAPL,177.58,177.59,,177.58,900,15497330,2023-05-30T14:16:28Z
AAPL,177.62,177.63,800,177.61,700,15501139,2023-05-30T14:16:29Z
AAPL,177.5995,177.6,100,177.59,,15502613,2023-05-30T14:16:30Z
AAPL,177.6,177.63,,177.62,600,15503166,2023-05-30T14:16:31Z
AAPL,177.61,177.62,200,177.6,500,15505951,2023-05-30T14:16:32Z
AAPL,177.62,,,177.61,100,15507821,2023-05-30T14:16:33Z
AAPL,177.615,,600,177.6,600,15508362,2023-05-30T14:16:34Z
AAPL,177.64,177.64,100,177.63,500,15514361,2023-05-30T14:16:35Z
AAPL,177.645,177.65,300,177.64,100,15515537,2023-05-30T14:16:36Z
AAPL,177.64,,400,,,15515941,
AAPL,177.65,177.67,300,177.66,600,15519546,2023-05-30T14:16:38Z
AAPL,177.66,177.66,1300,177.64,500,15519955,2023-05-30T14:16:39Z
AAPL,177.645,177.65,300,,200,15521904,2023-05-30T14:16:40Z
AAPL,177.63,177.63,400,177.62,300,15522953,2023-05-30T14:16:41Z
AAPL,177.62,177.62,200,177.61,,15523774,2023-05-30T14:16:42Z
AAPL,177.6001,177.61,600,177.59,500,15524767,2023-05-30T14:16:43Z
AAPL,177.6057,,100,177.6,200,15527763,2023-05-30T14:16:44Z
AAPL,177.61,177.62,700,,,15528113,2023-05-30T14:16:45Z
AAPL,177.615,,100,177.61,100,15528544,2023-05-30T14:16:46Z
AAPL,177.6157,177.63,1100,177.62,,15529084,
AAPL,177.62,177.62,500,177.61,200,15529596,2023-05-30T14:16:48Z
AAPL,,,300,,600,15530433,2023-05-30T14:16:49Z
AAPL,,,200,,300,15530621,2023-05-30T14:16:50Z
AAPL,177.64,177.65,100,177.64,100,15533818,2023-05-30T14:16:51Z
AAPL,177.65,177.64,500,177.63,200,15534937,2023-05-30T14:16:52Z
AAPL,177.64,,100,,400,15538455,2023-05-30T14:16:53Z
AAPL,177.65,177.65,,177.64,500,15546944,2023-05-30T14:16:54Z
AAPL,,177.66,1600,,900,15547630,2023-05-30T14:16:55Z
AAPL,,,1500,,1000,15547948,2023-05-30T14:16:56Z
AAPL,177.66,,,,700,15548275,2023-05-30T14:16:57Z
AAPL,177.665,177.67,300,177.65,800,15551284,2023-05-30T14:16:58Z
AAPL,,,,177.66,700,15551934,2023-05-30T14:16:59Z
AAPL,177.68,,200,,400,15555272,2023-05-30T14:17:00Z
AAPL,177.6401,177.65,100,177.64,500,15561792,2023-05-30T14:17:01Z
AAPL,177.6201,177.63,500,177.62,100,15564645,2023-05-30T14:17:02Z
AAPL,177.64,177.65,1100,177.64,200,15567153,2023-05-30T14:17:03Z
AAPL,177.6457,177.67,100,177.66,,15577278,
AAPL,177.66,177.66,400,177.65,100,15578182,2023-05-30T14:17:05Z
AAPL,177.65,177.65,,177.64,,15579571,2023-05-30T14:17:06Z
AAPL,177.6207,177.62,100,177.61,500,15584622,2023-05-30T14:17:07Z
AAPL,177.62,,200,,100,15586065,2023-05-30T14:17:08Z
AAPL,177.6,177.61,600,177.59,500,15587383,2023-05-30T14:17:09Z
AAPL,177.59,,100,177.6,300,15588540,2023-05-30T14:17:10Z
AAPL,,177.6,400,177.58,1000,15589066,2023-05-30T14:17:11Z
AAPL,,,200,177.59,100,15590320,2023-05-30T14:17:12Z
AAPL,177.5921,177.62,300,177.61,200,15590934,2023-05-30T14:17:13Z
AAPL,,,,,600,15591028,
AAPL,177.62,177.63,100,177.62,900,15591542,2023-05-30T14:17:15Z
AAPL,,177.62,400,177.6,800,15593062,2023-05-30T14:17:16Z
AAPL,177.595,177.6,300,177.59,300,15595333,2023-05-30T14:17:17Z
AAPL,177.6,177.61,100,,1100,15595679,2023-05-30T14:17:18Z
AAPL,177.6059,,400,,500,15597718,2023-05-30T14:17:19Z
AAPL,177.6,,200,177.6,300,15599269,2023-05-30T14:17:20Z
AAPL,177.615,177.62,700,,400,15601392,2023-05-30T14:17:21Z
AAPL,177.5999,177.6,200,177.59,,15602959,2023-05-30T14:17:22Z
AAPL,177.6,,100,,800,15603148,2023-05-30T14:17:23Z
AAPL,177.5983,,200,,200,15604753,2023-05-30T14:17:24Z
AAPL,177.56,177.56,100,177.55,1100,15610195,2023-05-30T14:17:25Z
AAPL,177.5598,,600,,100,15611087,
AAPL,177.55,177.55,100,177.54,200,15611425,2023-05-30T14:17:26Z
AAPL,177.54,177.54,,177.53,400,15611992,2023-05-30T14:17:28Z
AAPL,,,,,,15612856,2023-05-30T14:17:29Z
AAPL,177.56,177.55,200,,900,15614103,2023-05-30T14:17:30Z
AAPL,177.54,177.54,300,,200,15615179,2023-05-30T14:17:31Z
AAPL,177.525,177.53,200,177.52,,15617104,2023-05-30T14:17:32Z
AAPL,177.53,177.54,,177.53,400,15617276,2023-05-30T14:17:33Z
AAPL,177.52,177.52,,177.51,300,15621465,2023-05-30T14:17:34Z
AAPL,177.515,,600,,200,15622037,2023-05-30T14:17:35Z
AAPL,177.5028,177.51,100,177.5,400,15623182,2023-05-30T14:17:36Z
AAPL,177.515,177.52,600,177.51,300,15624875,2023-05-30T14:17:37Z
AAPL,,177.53,300,177.52,200,15626181,
AAPL,177.5252,,,,,15626447,2023-05-30T14:17:39Z
AAPL,177.525,,200,,,15629955,2023-05-30T14:17:40Z
AAPL,177.5303,177.55,300,177.53,600,15631251,2023-05-30T14:17:41Z
AAPL,177.56,177.56,200,177.55,200,15633588,2023-05-30T14:17:42Z
AAPL,177.54,177.55,400,177.53,700,15634387,2023-05-30T14:17:43Z
AAPL,177.538,,200,177.54,100,15634596,
AAPL,177.55,177.56,400,,800,15634843,2023-05-30T14:17:45Z
AAPL,177.559,177.55,,,200,15636635,2023-05-30T14:17:46Z
AAPL,177.57,177.58,500,177.56,400,15637746,2023-05-30T14:17:47Z
AAPL,,,200,177.57,300,15637802,
AAPL,177.59,177.6,,177.59,200,15638612,2023-05-30T14:17:49Z
AAPL,177.6,177.61,300,177.6,100,15639220,2023-05-30T14:17:50Z
AAPL,,,200,,,15639419,
AAPL,177.63,177.63,100,177.62,500,15640205,2023-05-30T14:17:52Z
AAPL,177.615,177.64,400,177.63,100,15641498,2023-05-30T14:17:53Z
AAPL,177.655,177.65,300,177.64,,15643177,2023-05-30T14:17:54Z
AAPL,177.62,177.63,200,177.62,200,15644963,2023-05-30T14:17:55Z
AAPL,177.63,,,,300,15645819,2023-05-30T14:17:56Z
AAPL,177.62,177.62,600,177.61,400,15647637,2023-05-30T14:17:57Z
AAPL,177.6136,177.63,1300,,900,15648425,2023-05-30T14:17:58Z
AAPL,177.66,177.67,100,177.66,100,15664128,2023-05-30T14:17:59Z
AAPL,177.68,177.68,1100,177.67,,15671100,2023-05-30T14:18:00Z
AAPL,177.655,177.66,100,177.65,400,15688550,2023-05-30T14:18:01Z
AAPL,177.665,177.67,800,177.66,,15692504,2023-05-30T14:18:02Z
AAPL,177.68,177.68,100,177.67,,15697101,2023-05-30T14:18:03Z
AAPL,177.67,177.67,300,177.66,200,15700386,2023-05-30T14:18:04Z
AAPL,177.65,,400,,100,15702767,2023-05-30T14:18:05Z
AAPL,177.67,177.68,200,177.67,200,15706266,2023-05-30T14:18:06Z
AAPL,177.68,177.69,400,177.68,100,15708512,2023-05-30T14:18:07Z
AAPL,177.66,177.67,300,177.66,200,15712794,2023-05-30T14:18:08Z
AAPL,177.65,,,177.65,800,15714851,2023-05-30T14:18:09Z
AAPL,177.68,177.68,,177.67,500,15715581,2023-05-30T14:18:10Z
AAPL,177.66,177.67,400,177.66,100,15717382,2023-05-30T14:18:11Z
AAPL,177.65,177.65,300,177.64,,15718040,2023-05-30T14:18:12Z
AAPL,177.6401,177.66,400,,500,15718985,2023-05-30T14:18:13Z
AAPL,177.645,177.65,100,,200,15719277,2023-05-30T14:18:14Z
AAPL,177.6445,177.64,300,177.63,300,15719635,2023-05-30T14:18:15Z
AAPL,177.63,177.65,500,177.64,,15722543,2023-05-30T14:18:16Z
AAPL,177.66,177.67,400,177.66,200,15725373,2023-05-30T14:18:17Z
AAPL,,177.66,,177.65,,15726735,2023-05-30T14:18:18Z
AAPL,177.67,,200,,,15731768,2023-05-30T14:18:19Z
AAPL,177.635,177.64,,177.63,100,15733522,2023-05-30T14:18:20Z
AAPL,,,100,,400,15735214,2023-05-30T14:18:21Z
AAPL,177.6452,177.65,200,177.64,,15736372,2023-05-30T14:18:22Z
AAPL,177.64,,,,,15737013,2023-05-30T14:18:23Z
AAPL,177.635,177.64,400,177.63,100,15740498,2023-05-30T14:18:24Z
AAPL,177.6254,177.63,300,177.62,700,15742465,2023-05-30T14:18:25Z
AAPL,177.64,177.64,,177.63,100,15743556,2023-05-30T14:18:26Z
AAPL,177.61,177.61,100,177.6,300,15748881,2023-05-30T14:18:27Z
AAPL,177.58,177.58,400,177.57,500,15751971,2023-05-30T14:18:28Z
AAPL,177.57,177.57,200,177.56,200,15757860,2023-05-30T14:18:29Z
AAPL,177.56,,,,300,15759406,2023-05-30T14:18:30Z
AAPL,177.57,177.58,100,177.57,,15759996,2023-05-30T14:18:31Z
AAPL,177.58,177.59,500,,600,15763184,2023-05-30T14:18:32Z
AAPL,,,100,177.58,200,15763836,2023-05-30T14:18:33Z
AAPL,177.54,177.55,600,177.53,300,15766978,2023-05-30T14:18:34Z
AAPL,,,200,177.54,100,15767216,
AAPL,177.56,177.57,,177.56,,15769600,2023-05-30T14:18:36Z
AAPL,177.57,177.58,,177.57,200,15770569,2023-05-30T14:18:37Z
AAPL,177.55,177.55,400,177.54,,15771438,2023-05-30T14:18:38Z
AAPL,,,200,,,15772288,2023-05-30T14:18:39Z
AAPL,177.555,177.56,400,177.55,100,15774197,2023-05-30T14:18:40Z
AAPL,177.57,177.58,100,177.57,500,15774780,2023-05-30T14:18:41Z
AAPL,177.595,177.6,300,177.59,100,15776789,2023-05-30T14:18:42Z
AAPL,177.57,177.57,,177.56,300,15777399,2023-05-30T14:18:43Z
AAPL,177.58,177.59,1100,177.58,100,15779798,2023-05-30T14:18:44Z
AAPL,177.59,177.6,200,177.59,200,15781806,2023-05-30T14:18:45Z
AAPL,177.63,177.64,500,177.63,100,15782364,2023-05-30T14:18:46Z
AAPL,177.5987,177.61,200,177.59,600,15783258,2023-05-30T14:18:47Z
AAPL,177.61,177.62,700,177.61,200,15784162,2023-05-30T14:18:48Z
AAPL,177.63,177.64,200,177.62,300,15786394,2023-05-30T14:18:49Z
AAPL,,,,177.63,,15786541,
AAPL,177.61,177.6,300,177.59,100,15788537,2023-05-30T14:18:51Z
AAPL,,177.61,200,,800,15789286,2023-05-30T14:18:52Z
AAPL,177.605,,,177.6,100,15790081,
AAPL,177.63,177.64,1200,177.62,300,15791645,2023-05-30T14:18:54Z
AAPL,177.62,177.62,100,177.61,200,15794724,2023-05-30T14:18:55Z
AAPL,177.61,177.63,1400,,400,15795305,
AAPL,177.6,177.6,100,177.59,200,15797175,2023-05-30T14:18:57Z
AAPL,177.605,177.61,900,177.6,400,15797504,2023-05-30T14:18:58Z
AAPL,177.6006,,1300,,100,15799077,2023-05-30T14:18:59Z
AAPL,,,1200,,,15799082,
AAPL,177.61,,400,,300,15803253,2023-05-30T14:19:01Z
AAPL,177.5956,177.59,100,177.58,500,15804876,2023-05-30T14:19:02Z
AAPL,177.59,177.61,1300,177.6,300,15807465,2023-05-30T14:19:03Z
AAPL,177.6077,,400,,,15807642,2023-05-30T14:19:04Z
AAPL,177.5815,177.59,100,177.58,200,15810356,2023-05-30T14:19:05Z
AAPL,177.58,,1100,,,15811189,
AAPL,177.59,,100,,,15812613,2023-05-30T14:19:07Z
AAPL,177.6258,177.63,,177.62,500,15814242,2023-05-30T14:19:08Z
AAPL,177.61,177.61,300,177.59,700,15815204,2023-05-30T14:19:09Z
AAPL,177.59,177.6,400,177.58,300,15815628,2023-05-30T14:19:10Z
AAPL,177.57,177.58,500,177.57,200,15818311,2023-05-30T14:19:11Z
AAPL,177.5717,177.59,400,,300,15819205,2023-05-30T14:19:12Z
AAPL,177.6,177.61,100,177.59,700,15821030,2023-05-30T14:19:13Z
AAPL,177.6099,,1400,,400,15822415,2023-05-30T14:19:14Z
AAPL,177.585,177.59,300,177.58,200,15823971,2023-05-30T14:19:15Z
AAPL,177.5919,177.61,500,177.59,300,15824648,2023-05-30T14:19:16Z
AAPL,177.59,177.59,300,177.58,100,15825824,2023-05-30T14:19:17Z
AAPL,177.58,,1300,,,15827394,2023-05-30T14:19:18Z
AAPL,,,1200,177.57,300,15829485,2023-05-30T14:19:19Z
AAPL,177.57,177.57,100,177.56,500,15830933,2023-05-30T14:19:20Z
AAPL,177.555,177.56,,177.55,400,15833075,2023-05-30T14:19:21Z
AAPL,,177.55,,177.54,200,15834873,2023-05-30T14:19:22Z
AAPL,177.55,,,,400,15835448,2023-05-30T14:19:23Z
AAPL,,177.56,400,177.55,100,15835819,2023-05-30T14:19:24Z
AAPL,,177.55,200,177.54,600,15836671,2023-05-30T14:19:25Z
AAPL,177.57,177.58,,177.57,200,15838682,2023-05-30T14:19:26Z
AAPL,177.56,177.56,,177.55,,15839468,2023-05-30T14:19:27Z
AAPL,177.555,,300,,100,15840092,2023-05-30T14:19:28Z
AAPL,,,100,,200,15840376,2023-05-30T14:19:29Z
AAPL,177.585,177.59,800,177.58,300,15842377,2023-05-30T14:19:30Z
AAPL,177.6,177.6,200,,800,15844602,2023-05-30T14:19:31Z
AAPL,,,,177.59,300,15845661,2023-05-30T14:19:32Z
AAPL,177.61,177.62,100,177.61,,15846358,2023-05-30T14:19:33Z
AAPL,177.6,,800,,200,15847020,2023-05-30T14:19:34Z
AAPL,,,100,,400,15847144,
AAPL,177.615,177.63,400,177.62,100,15847559,2023-05-30T14:19:35Z
AAPL,177.62,177.62,300,177.61,300,15847806,2023-05-30T14:19:37Z
AAPL,177.615,,,,,15848182,
AAPL,,,400,,,15848410,
AAPL,177.62,,300,,,15851329,2023-05-30T14:19:40Z
AAPL,177.635,177.64,200,177.63,400,15853712,
AAPL,177.63,,400,,200,15875642,2023-05-30T14:19:41Z
AAPL,177.64,177.65,100,177.64,300,15876691,2023-05-30T14:19:43Z
AAPL,177.6499,,,,600,15877308,2023-05-30T14:19:44Z
AAPL,177.685,177.69,600,177.68,300,15881998,2023-05-30T14:19:45Z
AAPL,177.6777,177.68,300,177.67,100,15886208,2023-05-30T14:19:46Z
AAPL,177.685,177.69,200,177.68,500,15887307,2023-05-30T14:19:47Z
AAPL,177.689,,500,,100,15888713,2023-05-30T14:19:48Z
AAPL,177.68,177.68,,177.67,300,15891115,2023-05-30T14:19:49Z
AAPL,177.67,177.67,200,177.66,800,15892900,2023-05-30T14:19:50Z
AAPL,177.66,,300,,,15895211,2023-05-30T14:19:52Z
AAPL,177.65,177.66,,177.65,200,15896723,
AAPL,177.6575,,100,,600,15898162,2023-05-30T14:19:53Z
AAPL,177.65,,300,177.64,800,15904310,2023-05-30T14:19:54Z
AAPL,,,400,177.65,100,15904655,2023-05-30T14:19:55Z
AAPL,,,,,200,15906784,2023-05-30T14:19:56Z
AAPL,,177.65,200,177.64,300,15907239,2023-05-30T14:19:57Z
AAPL,,177.66,,177.65,200,15909165,2023-05-30T14:19:58Z
AAPL,177.7,177.71,,177.7,100,15914385,2023-05-30T14:19:59Z
AAPL,177.74,177.75,9900,177.74,,15921146,2023-05-30T14:20:00Z
AAPL,177.71,177.72,300,177.71,,15925830,2023-05-30T14:20:01Z
AAPL,177.68,177.69,400,177.68,,15930204,2023-05-30T14:20:02Z
AAPL,,177.68,500,177.66,500,15932854,2023-05-30T14:20:03Z
AAPL,177.67,,200,177.67,300,15935011,2023-05-30T14:20:04Z
AAPL,177.665,177.67,100,177.66,,15938628,2023-05-30T14:20:05Z
AAPL,,,,,600,15938901,
AAPL,177.63,177.64,,177.63,500,15943846,2023-05-30T14:20:07Z
AAPL,177.61,177.62,600,177.6,400,15946842,2023-05-30T14:20:08Z
AAPL,,177.61,100,,300,15950851,2023-05-30T14:20:09Z
AAPL,,177.62,,177.61,400,15951214,2023-05-30T14:20:10Z
AAPL,,,200,,300,15952105,
AAPL,,177.61,100,177.6,500,15957607,2023-05-30T14:20:13Z
AAPL,177.6,,700,177.59,200,15958963,2023-05-30T14:20:14Z
AAPL,177.5805,177.6,500,177.58,300,15960264,2023-05-30T14:20:16Z
AAPL,177.595,,200,177.59,,15965482,2023-05-30T14:20:17Z
AAPL,177.61,177.62,300,177.6,600,15967151,
AAPL,,177.59,400,177.57,400,15969108,2023-05-30T14:20:19Z
AAPL,,,100,177.58,300,15969634,
AAPL,177.59,177.61,700,177.59,800,15971211,2023-05-30T14:20:21Z
AAPL,177.625,177.62,400,177.6,,15980508,2023-05-30T14:20:22Z
AAPL,177.6123,177.61,300,,200,15982717,2023-05-30T14:20:23Z
AAPL,,,500,,,15982828,
AAPL,177.61,177.62,600,177.61,100,15985581,2023-05-30T14:20:27Z
AAPL,177.67,177.68,100,177.67,300,15987401,2023-05-30T14:20:28Z
AAPL,,,200,,100,15988683,2023-05-30T14:20:29Z
AAPL,177.66,,600,177.66,300,15993929,2023-05-30T14:20:30Z
AAPL,177.6901,177.7,200,177.69,500,16001611,2023-05-30T14:20:31Z
AAPL,177.67,177.68,600,177.66,,16007527,2023-05-30T14:20:32Z
AAPL,177.675,177.67,500,177.65,200,16007993,
AAPL,177.66,177.66,100,,300,16010319,2023-05-30T14:20:34Z
AAPL,,,200,,,16010512,
AAPL,,177.67,400,177.66,100,16012843,2023-05-30T14:20:36Z
AAPL,177.67,,300,,,16013328,2023-05-30T14:20:37Z
AAPL,177.6499,177.65,100,177.64,500,16017070,2023-05-30T14:20:38Z
AAPL,177.675,177.68,800,177.67,100,16018267,
AAPL,177.6693,177.67,200,177.66,200,16019848,2023-05-30T14:20:40Z
AAPL,,177.66,100,177.65,100,16019965,
AAPL,177.65,177.65,,177.64,300,16020843,2023-05-30T14:20:42Z
AAPL,177.67,177.67,,177.66,200,16022131,2023-05-30T14:20:43Z
AAPL,,177.68,500,177.67,400,16022962,
AAPL,177.65,177.66,400,177.65,300,16025394,2023-05-30T14:20:45Z
AAPL,177.666,177.67,200,177.66,200,16027860,2023-05-30T14:20:46Z
AAPL,177.67,,100,,700,16031399,
AAPL,177.665,177.66,,177.65,,16033887,2023-05-30T14:20:48Z
AAPL,177.7,177.71,,177.7,600,16037981,2023-05-30T14:20:49Z
AAPL,,177.7,600,177.68,300,16040502,2023-05-30T14:20:50Z
AAPL,177.68,177.69,,177.67,500,16041249,2023-05-30T14:20:51Z
AAPL,,,800,,,16042407,
AAPL,177.685,,300,,,16042694,2023-05-30T14:20:52Z
AAPL,,,400,177.68,200,16044429,2023-05-30T14:20:54Z
AAPL,177.72,177.73,200,177.72,400,16046764,
AAPL,,177.72,300,177.71,600,16049390,2023-05-30T14:20:56Z
AAPL,177.75,177.75,600,177.73,500,16052810,
AAPL,177.73,177.74,200,,700,16056139,2023-05-30T14:20:57Z
AAPL,177.77,177.78,900,177.76,1200,16060572,2023-05-30T14:20:59Z
AAPL,177.775,,800,177.77,100,16063437,2023-05-30T14:21:00Z
AAPL,177.76,177.76,500,177.75,300,16067811,2023-05-30T14:21:01Z
AAPL,,177.77,300,177.76,200,16069052,
AAPL,177.77,177.78,600,,400,16072747,2023-05-30T14:21:03Z
AAPL,177.7609,177.77,200,,100,16074247,2023-05-30T14:21:04Z
AAPL,177.77,177.78,400,177.77,,16075901,2023-05-30T14:21:05Z
AAPL,177.78,,200,,500,16078368,2023-05-30T14:21:06Z
AAPL,177.7871,177.8,800,177.78,400,16079335,
AAPL,177.8025,177.81,600,177.8,100,16089642,2023-05-30T14:21:08Z
AAPL,177.81,,,,,16090601,
AAPL,177.795,177.8,200,177.79,500,16096302,2023-05-30T14:21:10Z
AAPL,177.83,177.84,900,177.82,200,16098211,2023-05-30T14:21:11Z
AAPL,177.81,177.81,500,177.79,900,16098887,
AAPL,177.8,,,,1100,16099621,2023-05-30T14:21:12Z
AAPL,177.81,177.83,200,177.82,600,16100076,2023-05-30T14:21:13Z
AAPL,177.825,,,,700,16102413,2023-05-30T14:21:15Z
AAPL,177.82,177.82,500,177.81,200,16104764,2023-05-30T14:21:16Z
AAPL,177.825,,300,,,16105184,2023-05-30T14:21:17Z
AAPL,177.79,177.79,200,177.78,800,16113991,2023-05-30T14:21:18Z
AAPL,177.785,,400,,300,16114757,2023-05-30T14:21:19Z
AAPL,177.7758,177.78,100,177.77,,16116603,2023-05-30T14:21:20Z
AAPL,177.76,,500,,100,16117747,2023-05-30T14:21:21Z
AAPL,177.775,,600,,,16120267,2023-05-30T14:21:22Z
AAPL,177.79,177.81,200,177.8,200,16129058,
AAPL,177.8131,177.82,300,177.81,100,16130855,2023-05-30T14:21:23Z
AAPL,177.815,,,,,16131533,2023-05-30T14:21:25Z
AAPL,177.82,177.83,100,177.82,1100,16133062,2023-05-30T14:21:26Z
AAPL,177.825,,200,,600,16133877,
AAPL,177.82,,600,177.81,800,16136067,2023-05-30T14:21:28Z
AAPL,177.838,177.84,400,177.83,100,16138124,2023-05-30T14:21:29Z
AAPL,177.84,,200,,200,16139279,2023-05-30T14:21:30Z
AAPL,177.87,177.88,500,177.86,400,16141368,2023-05-30T14:21:31Z
AAPL,,177.87,200,,300,16145696,2023-05-30T14:21:32Z
AAPL,177.85,177.85,,177.84,100,16147162,
AAPL,,177.87,,177.86,200,16148664,2023-05-30T14:21:34Z
AAPL,177.8631,,300,,300,16149395,2023-05-30T14:21:35Z
AAPL,177.86,,,,200,16149715,
AAPL,177.89,177.89,100,177.88,100,16153486,2023-05-30T14:21:37Z
AAPL,177.8699,177.87,200,177.86,200,16157236,2023-05-30T14:21:38Z
AAPL,177.85,177.85,,177.84,700,16161104,2023-05-30T14:21:39Z
AAPL,177.83,,900,177.83,600,16162920,2023-05-30T14:21:40Z
AAPL,177.835,177.84,400,,200,16166017,
AAPL,177.85,177.86,200,177.85,,16167155,2023-05-30T14:21:42Z
AAPL,177.855,,400,,,16168637,2023-05-30T14:21:43Z
AAPL,177.84,177.85,,177.84,,16170044,2023-05-30T14:21:44Z
AAPL,177.83,177.84,300,177.83,500,16170741,2023-05-30T14:21:45Z
AAPL,177.82,177.83,,177.82,200,16172825,2023-05-30T14:21:46Z
AAPL,177.83,,,,100,16174319,
AAPL,177.82,177.82,100,177.81,500,16175104,2023-05-30T14:21:47Z
AAPL,177.859,177.87,200,177.86,6700,16182848,2023-05-30T14:21:49Z
AAPL,177.89,177.9,800,177.88,700,16188622,2023-05-30T14:21:50Z
AAPL,177.88,,900,,600,16189383,
AAPL,177.89,177.89,100,,400,16190714,2023-05-30T14:21:51Z
AAPL,177.88,,400,,,16191543,2023-05-30T14:21:52Z
AAPL,177.89,177.9,,177.89,6400,16194942,2023-05-30T14:21:54Z
AAPL,177.85,177.86,,177.85,300,16208801,2023-05-30T14:21:55Z
AAPL,177.8586,,100,,500,16209907,2023-05-30T14:21:56Z
AAPL,177.87,177.87,200,177.86,,16212262,2023-05-30T14:21:57Z
AAPL,177.895,177.9,400,177.89,,16215702,2023-05-30T14:21:58Z
AAPL,,,500,,400,16215734,
AAPL,177.88,177.89,200,177.88,100,16217977,2023-05-30T14:22:00Z
AAPL,177.84,177.85,800,177.84,200,16225770,2023-05-30T14:22:01Z
AAPL,177.86,177.86,100,177.85,400,16227618,2023-05-30T14:22:02Z
AAPL,177.8586,,200,,200,16239313,2023-05-30T14:22:03Z
AAPL,177.8609,177.87,900,177.86,400,16244162,2023-05-30T14:22:04Z
AAPL,177.86,,,,200,16246592,2023-05-30T14:22:05Z
AAPL,177.8552,177.86,200,177.85,,16247974,
AAPL,177.865,,,,300,16248960,2023-05-30T14:22:06Z
AAPL,177.895,177.9,500,177.89,500,16252465,2023-05-30T14:22:07Z
AAPL,177.89,,400,,800,16258807,2023-05-30T14:22:09Z
AAPL,177.9,,300,,600,16264220,2023-05-30T14:22:10Z
AAPL,177.89,,400,,200,16265461,
AAPL,,,300,,500,16270553,2023-05-30T14:22:12Z
AAPL,177.9,,400,,,16272259,2023-05-30T14:22:13Z
AAPL,,,200,,600,16272639,
AAPL,177.89,,300,,500,16276850,2023-05-30T14:22:15Z
AAPL,177.9182,177.93,800,177.91,300,16282178,2023-05-30T14:22:16Z
AAPL,177.92,,300,177.92,400,16283067,2023-05-30T14:22:17Z
AAPL,177.91,177.92,200,177.91,300,16285427,2023-05-30T14:22:18Z
AAPL,177.925,,800,177.9,200,16290618,2023-05-30T14:22:19Z
AAPL,177.9,177.91,500,,,16290862,
AAPL,177.915,177.92,400,177.91,,16292050,2023-05-30T14:22:21Z
AAPL,177.93,177.94,300,177.93,400,16293190,2023-05-30T14:22:22Z
AAPL,177.92,177.93,100,177.92,200,16296438,2023-05-30T14:22:23Z
AAPL,177.9101,,700,177.91,,16298397,2023-05-30T14:22:24Z
AAPL,177.9,177.91,400,177.9,600,16304950,2023-05-30T14:22:25Z
AAPL,177.905,177.92,,177.91,100,16307795,2023-05-30T14:22:26Z
AAPL,177.915,,100,,300,16309276,2023-05-30T14:22:27Z
AAPL,177.9,177.9,400,177.89,200,16313242,2023-05-30T14:22:28Z
AAPL,177.865,177.87,,177.86,100,16319557,2023-05-30T14:22:29Z
AAPL,177.85,177.86,200,177.85,600,16320575,2023-05-30T14:22:30Z
AAPL,,,400,,400,16323607,2023-05-30T14:22:31Z
AAPL,177.88,177.88,300,177.87,100,16326214,2023-05-30T14:22:32Z
AAPL,177.855,177.87,400,177.86,200,16327394,2023-05-30T14:22:33Z
AAPL,177.8655,,900,,100,16328713,
AAPL,177.842,177.85,200,177.84,300,16330997,2023-05-30T14:22:35Z
AAPL,177.84,177.84,300,177.83,,16332606,2023-05-30T14:22:36Z
AAPL,177.845,177.85,400,177.84,200,16333258,2023-05-30T14:22:37Z
AAPL,177.86,177.87,600,177.86,400,16337519,2023-05-30T14:22:38Z
AAPL,,177.86,400,177.85,200,16338147,2023-05-30T14:22:39Z
AAPL,,,100,,300,16338382,
AAPL,177.8664,177.87,200,177.86,200,16344645,2023-05-30T14:22:41Z
AAPL,177.88,177.88,400,177.87,100,16347236,2023-05-30T14:22:42Z
AAPL,177.8855,177.89,300,177.88,200,16347754,
AAPL,177.8818,,200,,600,16348301,2023-05-30T14:22:43Z
AAPL,177.9004,177.91,,177.9,200,16354571,2023-05-30T14:22:45Z
AAPL,177.889,177.89,400,177.88,600,16356279,
AAPL,177.9,177.91,,177.9,300,16358513,2023-05-30T14:22:46Z
AAPL,177.905,177.92,1000,177.91,,16359828,2023-05-30T14:22:47Z
AAPL,177.91,,,,200,16360361,2023-05-30T14:22:48Z
AAPL,,177.91,700,177.9,400,16365283,2023-05-30T14:22:50Z
AAPL,177.9,177.9,,177.89,200,16366303,
AAPL,177.89,177.91,200,177.9,300,16367127,2023-05-30T14:22:51Z
AAPL,177.905,,,,,16368695,2023-05-30T14:22:52Z
AAPL,177.94,177.94,100,177.93,,16370981,2023-05-30T14:22:53Z
AAPL,177.9489,177.95,600,177.94,700,16372291,2023-05-30T14:22:55Z
AAPL,177.94,177.94,500,177.93,200,16373431,
AAPL,,,200,,,16375907,2023-05-30T14:22:57Z
AAPL,177.9142,177.92,100,177.91,,16378005,
AAPL,177.9001,177.91,200,177.9,700,16379666,2023-05-30T14:22:59Z
AAPL,177.9098,,,,300,16380282,2023-05-30T14:23:00Z
AAPL,177.89,177.89,300,177.88,100,16382616,2023-05-30T14:23:01Z
AAPL,177.9,177.91,600,177.89,200,16386656,2023-05-30T14:23:02Z
AAPL,,,700,,,16387057,
AAPL,177.87,177.87,100,177.86,,16390380,2023-05-30T14:23:04Z
AAPL,177.865,,200,,300,16393993,2023-05-30T14:23:05Z
AAPL,,,,,100,16395958,2023-05-30T14:23:06Z
AAPL,,,,,400,16396163,
AAPL,177.8536,177.86,500,177.85,100,16402023,2023-05-30T14:23:08Z
AAPL,177.83,177.83,200,177.82,200,16407937,2023-05-30T14:23:09Z
AAPL,177.8207,,100,,400,16418513,2023-05-30T14:23:10Z
AAPL,177.815,177.82,300,177.81,,16420023,
AAPL,177.816,177.81,800,177.8,1300,16421078,2023-05-30T14:23:11Z
AAPL,177.7881,177.8,100,177.79,200,16427871,2023-05-30T14:23:12Z
AAPL,177.79,177.81,200,177.8,300,16430353,2023-05-30T14:23:13Z
AAPL,177.8,177.8,500,177.79,100,16430910,2023-05-30T14:23:15Z
AAPL,177.785,177.79,400,177.77,500,16436069,2023-05-30T14:23:16Z
AAPL,177.7814,177.78,100,,300,16436956,2023-05-30T14:23:17Z
AAPL,177.77,,500,177.76,700,16437571,
AAPL,,,700,177.77,100,16438570,2023-05-30T14:23:18Z
AAPL,177.78,,1000,,,16438891,2023-05-30T14:23:19Z
AAPL,177.79,177.79,300,177.78,300,16443412,2023-05-30T14:23:21Z
AAPL,177.775,,400,,200,16443552,
AAPL,177.78,,500,177.77,500,16445230,2023-05-30T14:23:22Z
AAPL,,177.74,300,177.73,200,16468785,2023-05-30T14:23:24Z
AAPL,177.735,177.72,1000,177.71,100,16476248,2023-05-30T14:23:25Z
AAPL,177.7109,,400,,200,16477562,
AAPL,177.7299,177.73,100,177.72,,16481876,2023-05-30T14:23:27Z
AAPL,177.74,177.75,200,177.74,100,16483351,2023-05-30T14:23:28Z
AAPL,177.7547,177.76,500,177.75,200,16486563,2023-05-30T14:23:29Z
AAPL,177.7671,177.77,200,177.76,,16488788,2023-05-30T14:23:30Z
AAPL,177.7565,177.76,100,177.75,,16489610,2023-05-30T14:23:31Z
AAPL,177.78,177.78,200,177.77,,16492922,2023-05-30T14:23:32Z
AAPL,177.7699,177.77,100,177.76,,16495366,2023-05-30T14:23:33Z
AAPL,177.755,,,,100,16495903,
AAPL,177.76,177.76,300,177.75,300,16497627,2023-05-30T14:23:35Z
AAPL,177.721,177.73,200,177.71,600,16499562,2023-05-30T14:23:36Z
AAPL,177.74,177.75,100,177.74,100,16500490,
AAPL,177.75,177.77,300,177.75,400,16504961,2023-05-30T14:23:38Z
AAPL,177.74,177.75,400,177.74,200,16511341,2023-05-30T14:23:39Z
AAPL,177.7,177.72,200,177.7,600,16514717,2023-05-30T14:23:40Z
AAPL,177.695,177.71,100,177.69,,16515273,
AAPL,177.7,,200,177.7,100,16516595,2023-05-30T14:23:41Z
AAPL,177.705,,,,200,16519284,2023-05-30T14:23:43Z
AAPL,177.7077,,,,,16520405,2023-05-30T14:23:44Z
AAPL,177.71,177.73,,177.72,100,16521435,
AAPL,177.735,177.74,,177.73,,16523742,2023-05-30T14:23:46Z
AAPL,177.75,177.76,,177.75,,16525339,2023-05-30T14:23:47Z
AAPL,,177.73,400,177.72,,16525718,
AAPL,177.705,177.71,600,177.7,,16528040,2023-05-30T14:23:49Z
AAPL,177.71,,100,,,16530089,2023-05-30T14:23:50Z
AAPL,,,300,,200,16530247,
AAPL,177.7099,,400,,100,16531748,2023-05-30T14:23:51Z
AAPL,177.705,177.7,900,177.69,200,16532211,2023-05-30T14:23:53Z
AAPL,177.69,,300,177.68,500,16534169,2023-05-30T14:23:54Z
AAPL,177.71,177.72,600,177.71,100,16540980,2023-05-30T14:23:55Z
AAPL,177.7,177.71,,177.7,,16542876,2023-05-30T14:23:56Z
AAPL,177.72,177.72,300,177.71,300,16546324,2023-05-30T14:23:57Z
AAPL,177.745,177.76,400,177.75,100,16551553,2023-05-30T14:23:58Z
AAPL,177.755,,100,,400,16556759,2023-05-30T14:23:59Z
AAPL,177.74,177.75,1400,177.73,100,16559331,2023-05-30T14:24:00Z
AAPL,177.71,177.71,100,177.7,200,16561187,
AAPL,177.695,177.7,,177.69,,16562121,2023-05-30T14:24:02Z
AAPL,177.7,177.71,300,177.7,100,16565236,2023-05-30T14:24:03Z
AAPL,,,,,,16565237,
AAPL,177.68,177.69,500,177.67,400,16570649,2023-05-30T14:24:06Z
AAPL,,,200,177.68,200,16570740,
AAPL,177.705,177.71,,177.7,100,16574889,2023-05-30T14:24:08Z
AAPL,177.72,177.74,500,177.72,300,16576062,2023-05-30T14:24:09Z
AAPL,177.705,177.71,100,177.7,,16578331,2023-05-30T14:24:10Z
AAPL,177.7099,,,,,16579620,2023-05-30T14:24:11Z
AAPL,177.671,177.69,300,177.67,500,16581918,2023-05-30T14:24:12Z
AAPL,177.69,,400,177.68,100,16583070,2023-05-30T14:24:13Z
AAPL,177.6842,,200,,200,16583733,2023-05-30T14:24:14Z
AAPL,177.6899,,,,100,16586531,2023-05-30T14:24:15Z
AAPL,177.67,177.68,,177.66,2400,16588680,2023-05-30T14:24:16Z
AAPL,,,100,177.67,200,16588732,
AAPL,,,,,,16590227,2023-05-30T14:24:18Z
AAPL,177.6899,177.69,,177.68,,16591359,2023-05-30T14:24:19Z
AAPL,177.6757,177.68,,177.67,,16592047,2023-05-30T14:24:20Z
AAPL,177.67,,700,177.66,2000,16592894,2023-05-30T14:24:21Z
AAPL,177.64,177.65,400,177.63,800,16598972,2023-05-30T14:24:22Z
AAPL,177.63,177.63,100,177.62,500,16601592,2023-05-30T14:24:23Z
AAPL,177.62,177.62,200,177.61,200,16603345,
AAPL,177.6,177.61,1100,177.6,7600,16604690,2023-05-30T14:24:25Z
AAPL,177.6101,177.62,200,177.61,100,16606090,2023-05-30T14:24:26Z
AAPL,177.625,177.63,,177.62,300,16606580,
AAPL,177.63,177.64,400,,,16608674,2023-05-30T14:24:28Z
AAPL,177.62,177.63,8500,177.61,500,16610738,2023-05-30T14:24:29Z
AAPL,177.625,,7400,177.62,100,16611218,
AAPL,177.63,177.65,400,177.64,,16619013,2023-05-30T14:24:31Z
AAPL,,177.64,600,177.62,300,16620348,2023-05-30T14:24:32Z
AAPL,177.611,177.63,200,177.61,500,16622141,2023-05-30T14:24:33Z
AAPL,177.6293,177.64,300,177.62,1100,16623524,2023-05-30T14:24:34Z
AAPL,177.62,177.63,200,177.61,900,16627430,2023-05-30T14:24:35Z
AAPL,,177.64,100,177.63,100,16627713,
AAPL,,177.65,600,,200,16627813,
AAPL,177.645,177.66,500,177.64,100,16629111,2023-05-30T14:24:38Z
AAPL,,,800,,500,16629315,
AAPL,177.64,177.63,200,177.62,100,16631066,2023-05-30T14:24:40Z
AAPL,177.62,,600,177.61,600,16631754,2023-05-30T14:24:41Z
AAPL,177.63,,500,,400,16633009,
AAPL,,,100,177.62,,16633114,
AAPL,177.64,177.65,200,177.64,200,16633634,2023-05-30T14:24:44Z
AAPL,177.63,177.64,,177.63,100,16634414,
AAPL,177.62,177.63,600,177.61,200,16636855,2023-05-30T14:24:46Z
AAPL,177.6178,177.61,100,177.6,7600,16637675,2023-05-30T14:24:47Z
AAPL,177.605,,,,,16637889,
AAPL,177.58,177.59,800,177.57,900,16648977,2023-05-30T14:24:49Z
AAPL,177.56,177.57,100,177.56,500,16653914,2023-05-30T14:24:50Z
AAPL,177.58,177.6,300,177.58,400,16658283,2023-05-30T14:24:51Z
AAPL,177.61,177.62,800,177.6,300,16660681,2023-05-30T14:24:52Z
AAPL,177.59,177.59,100,177.58,,16672772,2023-05-30T14:24:53Z
AAPL,,,200,177.57,,16672892,
AAPL,177.56,177.57,,177.56,100,16678265,2023-05-30T14:24:55Z
AAPL,177.57,,100,,200,16681027,2023-05-30T14:24:58Z
AAPL,,,200,177.55,300,16681076,
AAPL,177.575,177.59,100,177.58,200,16681645,2023-05-30T14:24:59Z
AAPL,177.62,177.63,300,177.62,300,16684232,2023-05-30T14:25:00Z
AAPL,,,900,177.61,200,16686736,2023-05-30T14:25:01Z
AAPL,177.5801,177.59,100,177.58,400,16688342,2023-05-30T14:25:02Z
AAPL,177.6,177.62,600,177.61,100,16690650,2023-05-30T14:25:03Z
AAPL,177.615,177.64,100,177.62,500,16691626,
AAPL,177.63,,,177.63,100,16694325,2023-05-30T14:25:05Z
AAPL,177.629,177.63,800,177.62,,16695674,
AAPL,177.6399,177.64,100,177.63,200,16696294,2023-05-30T14:25:07Z
AAPL,177.635,177.63,,177.62,100,16696645,
AAPL,177.63,,800,,200,16697213,2023-05-30T14:25:09Z
AAPL,177.62,177.61,200,177.6,100,16698646,2023-05-30T14:25:10Z
AAPL,177.63,177.64,300,177.63,,16699903,2023-05-30T14:25:11Z
AAPL,177.62,177.62,200,177.61,200,16701029,2023-05-30T14:25:12Z
AAPL,177.61,,800,177.6,,16703006,2023-05-30T14:25:13Z
AAPL,177.625,177.63,300,177.62,100,16705210,2023-05-30T14:25:14Z
AAPL,177.61,177.62,500,177.6,400,16708202,2023-05-30T14:25:15Z
AAPL,,,400,,500,16710234,2023-05-30T14:25:16Z
AAPL,177.62,177.63,,177.62,100,16710647,2023-05-30T14:25:17Z
AAPL,177.63,,100,,400,16712446,2023-05-30T14:25:19Z
AAPL,177.625,,,,200,16712695,
AAPL,177.62,,400,177.61,,16714150,2023-05-30T14:25:20Z
AAPL,,177.62,,177.6,1800,16715368,2023-05-30T14:25:21Z
AAPL,177.6146,177.63,,177.62,100,16716532,2023-05-30T14:25:22Z
AAPL,177.61,177.62,,177.6,1300,16720720,2023-05-30T14:25:23Z
AAPL,177.63,177.63,100,177.61,1000,16722845,2023-05-30T14:25:24Z
AAPL,,,,177.62,400,16723864,2023-05-30T14:25:25Z
AAPL,,177.64,,,1000,16724557,
AAPL,,177.63,200,,500,16725891,2023-05-30T14:25:27Z
AAPL,,177.65,800,177.63,400,16726596,2023-05-30T14:25:28Z
AAPL,177.64,,300,,,16727536,2023-05-30T14:25:29Z
AAPL,177.6399,177.64,100,,,16728358,2023-05-30T14:25:30Z
AAPL,177.63,177.63,,177.62,1300,16728758,
AAPL,177.6275,,,,600,16729330,2023-05-30T14:25:32Z
AAPL,177.61,177.61,,177.6,1400,16732312,2023-05-30T14:25:33Z
AAPL,177.6,,500,177.59,400,16734897,2023-05-30T14:25:34Z
AAPL,177.61,177.63,,177.61,200,16735269,2023-05-30T14:25:35Z
AAPL,,,200,,,16735333,
AAPL,177.63,,100,177.62,300,16737316,2023-05-30T14:25:37Z
AAPL,,177.64,400,,400,16737833,2023-05-30T14:25:38Z
AAPL,177.65,177.66,900,177.64,300,16738942,2023-05-30T14:25:39Z
AAPL,,177.67,1000,177.65,,16739632,2023-05-30T14:25:40Z
AAPL,177.66,,100,177.66,500,16741753,2023-05-30T14:25:41Z
AAPL,177.7101,177.72,700,177.71,100,16747707,2023-05-30T14:25:42Z
AAPL,177.72,177.73,200,,300,16749935,2023-05-30T14:25:43Z
AAPL,177.71,177.71,100,177.7,200,16751540,2023-05-30T14:25:44Z
AAPL,,177.7,400,177.68,400,16753249,2023-05-30T14:25:45Z
AAPL,,,200,177.69,200,16753466,
AAPL,177.69,,300,,100,16755592,2023-05-30T14:25:47Z
AAPL,177.71,177.71,100,177.7,,16756203,2023-05-30T14:25:48Z
AAPL,,177.72,300,,800,16758738,2023-05-30T14:25:49Z
AAPL,,,100,177.71,100,16758750,
AAPL,177.72,177.73,400,,400,16760317,2023-05-30T14:25:51Z
AAPL,177.7311,177.74,,177.73,100,16761579,2023-05-30T14:25:52Z
AAPL,177.73,177.73,300,177.72,200,16764029,2023-05-30T14:25:53Z
AAPL,,177.74,100,177.73,100,16764393,2023-05-30T14:25:54Z
AAPL,177.74,177.76,200,177.75,300,16765125,2023-05-30T14:25:55Z
AAPL,177.77,177.78,300,177.76,1000,16766049,2023-05-30T14:25:56Z
AAPL,,,600,,500,16767375,2023-05-30T14:25:57Z
AAPL,177.76,177.76,100,177.75,,16768552,2023-05-30T14:25:58Z
AAPL,177.78,177.78,,177.77,200,16769519,2023-05-30T14:25:59Z
AAPL,177.77,177.77,200,177.76,400,16771089,2023-05-30T14:26:00Z
AAPL,,,100,,300,16773725,2023-05-30T14:26:01Z
AAPL,177.81,177.81,,177.8,100,16776204,2023-05-30T14:26:02Z
AAPL,177.785,177.79,200,177.77,500,16777569,2023-05-30T14:26:03Z
AAPL,177.79,,,177.78,100,16777969,
AAPL,177.77,,,177.77,500,16779637,2023-05-30T14:26:05Z
AAPL,177.78,177.77,300,177.76,100,16779978,
AAPL,,177.78,100,,600,16781829,2023-05-30T14:26:07Z
AAPL,177.76,177.77,300,177.75,800,16782711,2023-05-30T14:26:08Z
AAPL,177.78,177.78,100,177.77,200,16783293,
AAPL,177.77,,400,177.76,,16784268,2023-05-30T14:26:10Z
AAPL,177.78,177.79,100,177.78,100,16787635,2023-05-30T14:26:11Z
AAPL,177.81,177.82,300,177.8,300,16788330,2023-05-30T14:26:12Z
AAPL,,177.81,100,,400,16788838,2023-05-30T14:26:13Z
AAPL,,177.82,300,177.81,100,16789597,2023-05-30T14:26:14Z
AAPL,177.82,,200,177.8,1000,16793722,2023-05-30T14:26:15Z
AAPL,177.85,177.85,300,177.84,600,16795644,2023-05-30T14:26:16Z
AAPL,177.87,177.88,,177.86,500,16798517,2023-05-30T14:26:17Z
AAPL,177.8674,,200,,700,16799509,
AAPL,177.86,177.86,,177.85,200,16803949,2023-05-30T14:26:19Z
AAPL,,177.87,,,700,16808368,2023-05-30T14:26:22Z
AAPL,,177.86,,,100,16808820,
AAPL,177.85,,,177.84,800,16809316,2023-05-30T14:26:23Z
AAPL,177.84,,300,,600,16814049,2023-05-30T14:26:24Z
AAPL,177.86,,700,177.85,200,16814764,2023-05-30T14:26:25Z
AAPL,177.87,177.88,200,177.87,100,16816426,2023-05-30T14:26:26Z
AAPL,,177.86,100,177.85,300,16817920,2023-05-30T14:26:27Z
AAPL,177.89,177.89,200,177.88,,16818537,2023-05-30T14:26:28Z
AAPL,177.87,177.88,,177.86,1100,16820857,2023-05-30T14:26:29Z
AAPL,177.86,177.87,300,,100,16823355,2023-05-30T14:26:30Z
AAPL,177.8509,177.86,400,177.85,500,16825505,2023-05-30T14:26:31Z
AAPL,177.87,177.87,100,,1100,16826816,2023-05-30T14:26:32Z
AAPL,177.85,177.86,,177.84,800,16828274,2023-05-30T14:26:33Z
AAPL,177.856,,300,,500,16828624,2023-05-30T14:26:34Z
AAPL,177.86,,400,177.85,100,16829106,2023-05-30T14:26:35Z
AAPL,177.9,177.9,4300,177.88,400,16830943,2023-05-30T14:26:36Z
AAPL,,,600,,300,16837110,2023-05-30T14:26:37Z
AAPL,177.88,177.89,100,,,16837627,2023-05-30T14:26:38Z
AAPL,177.9,177.9,,177.89,,16839891,2023-05-30T14:26:39Z
AAPL,177.8901,177.91,300,,400,16840550,2023-05-30T14:26:40Z
AAPL,177.9001,177.92,500,177.9,800,16845457,2023-05-30T14:26:41Z
AAPL,177.9174,,400,177.91,200,16848019,2023-05-30T14:26:42Z
AAPL,177.91,,100,,600,16849182,2023-05-30T14:26:43Z
AAPL,177.9185,,,,500,16850150,2023-05-30T14:26:44Z
AAPL,177.93,177.94,400,177.93,300,16851388,2023-05-30T14:26:45Z
AAPL,177.91,177.91,300,177.9,,16853007,2023-05-30T14:26:46Z
AAPL,177.92,177.92,100,177.91,200,16853936,2023-05-30T14:26:47Z
AAPL,,177.93,200,177.92,300,16856073,2023-05-30T14:26:48Z
AAPL,177.9412,177.94,100,177.93,400,16859564,2023-05-30T14:26:49Z
AAPL,177.95,,,,300,16861276,2023-05-30T14:26:50Z
AAPL,177.94,,400,177.92,1000,16861608,2023-05-30T14:26:51Z
AAPL,177.92,177.93,100,,300,16863045,2023-05-30T14:26:52Z
AAPL,177.96,177.96,,177.95,,16867406,2023-05-30T14:26:53Z
AAPL,177.94,177.95,400,177.93,400,16869417,2023-05-30T14:26:54Z
AAPL,177.935,177.94,300,,100,16869976,2023-05-30T14:26:55Z
AAPL,177.93,177.93,,177.92,,16870789,2023-05-30T14:26:56Z
AAPL,177.91,177.91,200,177.9,200,16874505,2023-05-30T14:26:57Z
AAPL,177.905,177.9,100,177.89,400,16875401,2023-05-30T14:26:58Z
AAPL,177.915,177.92,,177.91,200,16877023,2023-05-30T14:26:59Z
AAPL,177.9193,,,,300,16877859,2023-05-30T14:27:00Z
AAPL,177.9,177.9,300,177.89,700,16879972,2023-05-30T14:27:01Z
AAPL,177.92,177.93,800,177.91,,16882387,2023-05-30T14:27:02Z
AAPL,177.9201,,700,,900,16882885,
AAPL,177.91,177.92,300,177.9,800,16884323,2023-05-30T14:27:03Z
AAPL,177.89,177.9,400,177.89,200,16889268,2023-05-30T14:27:05Z
AAPL,177.88,177.88,100,177.87,700,16891733,2023-05-30T14:27:06Z
AAPL,177.899,177.91,300,177.89,600,16895920,2023-05-30T14:27:07Z
AAPL,177.88,177.89,600,177.87,,16900639,2023-05-30T14:27:08Z
AAPL,177.855,177.87,500,177.85,200,16902617,2023-05-30T14:27:09Z
AAPL,177.86,,200,177.86,300,16903229,2023-05-30T14:27:10Z
AAPL,177.87,,100,177.85,900,16904164,2023-05-30T14:27:11Z
AAPL,,177.88,,177.87,600,16904822,2023-05-30T14:27:12Z
AAPL,,177.89,600,177.88,100,16908655,2023-05-30T14:27:14Z
AAPL,177.8812,,,,200,16908964,
AAPL,177.885,,,,300,16909409,2023-05-30T14:27:15Z
AAPL,177.855,177.86,100,177.85,600,16910293,2023-05-30T14:27:16Z
AAPL,177.845,177.84,400,177.83,200,16911792,2023-05-30T14:27:17Z
AAPL,177.82,177.82,100,177.81,500,16915928,2023-05-30T14:27:18Z
AAPL,177.8101,,500,,100,16917098,2023-05-30T14:27:19Z
AAPL,177.79,177.81,300,177.79,300,16921065,2023-05-30T14:27:20Z
AAPL,177.78,177.79,200,177.78,400,16923398,2023-05-30T14:27:21Z
AAPL,177.785,,300,,100,16924032,2023-05-30T14:27:22Z
AAPL,177.7673,177.77,100,177.76,300,16925912,2023-05-30T14:27:23Z
AAPL,177.7695,,1100,,,16928200,
AAPL,177.8,177.8,500,177.78,200,16933046,2023-05-30T14:27:25Z
AAPL,177.785,177.79,200,,100,16934570,2023-05-30T14:27:26Z
AAPL,177.78,177.77,,177.76,,16935863,2023-05-30T14:27:27Z
AAPL,177.74,177.75,,177.74,,16941202,2023-05-30T14:27:28Z
AAPL,,,100,,400,16943161,2023-05-30T14:27:29Z
AAPL,177.73,,,,200,16944338,
AAPL,177.75,177.76,300,177.75,100,16944899,2023-05-30T14:27:31Z
AAPL,177.76,,,,400,16945636,2023-05-30T14:27:32Z
AAPL,,177.77,700,177.76,200,16946556,2023-05-30T14:27:33Z
AAPL,177.79,177.79,400,177.78,400,16951053,2023-05-30T14:27:35Z
AAPL,,,,,,16951060,
AAPL,177.78,177.78,300,177.77,100,16951403,
AAPL,177.775,,,,,16951839,2023-05-30T14:27:36Z
AAPL,177.78,,,,,16952268,2023-05-30T14:27:37Z
AAPL,177.77,177.77,,177.76,500,16953497,2023-05-30T14:27:39Z
AAPL,177.74,177.74,,177.73,2700,16956254,2023-05-30T14:27:40Z
AAPL,177.7399,,,,2800,16957461,2023-05-30T14:27:41Z
AAPL,177.75,177.75,200,,3000,16958032,2023-05-30T14:27:42Z
AAPL,177.76,177.77,,177.76,500,16958619,2023-05-30T14:27:43Z
AAPL,177.7518,177.76,100,177.75,400,16959228,2023-05-30T14:27:44Z
AAPL,177.779,177.78,,177.77,,16960409,2023-05-30T14:27:45Z
AAPL,177.7569,177.76,300,177.75,300,16963519,2023-05-30T14:27:46Z
AAPL,177.76,,,,200,16964742,2023-05-30T14:27:47Z
AAPL,177.75,177.74,100,177.73,2600,16965484,2023-05-30T14:27:48Z
AAPL,177.741,177.75,,177.74,100,16972517,2023-05-30T14:27:49Z
AAPL,177.74,177.74,200,177.73,,16973489,2023-05-30T14:27:50Z
AAPL,177.72,177.72,,177.71,,16976329,2023-05-30T14:27:51Z
AAPL,177.7,177.71,400,177.7,400,16977251,2023-05-30T14:27:52Z
AAPL,177.71,177.72,300,177.71,500,16978055,2023-05-30T14:27:53Z
AAPL,,,,,300,16978294,
AAPL,,,400,,200,16984839,2023-05-30T14:27:57Z
AAPL,177.72,177.73,200,177.72,400,16985807,2023-05-30T14:27:58Z
AAPL,177.75,177.75,300,177.74,300,16988804,2023-05-30T14:27:59Z
AAPL,,177.76,200,177.75,100,16991056,
AAPL,,177.75,300,177.74,300,16992386,2023-05-30T14:28:01Z
AAPL,,177.77,,177.75,200,16993211,2023-05-30T14:28:02Z
AAPL,177.77,,100,177.76,400,16993653,2023-05-30T14:28:03Z
AAPL,,177.79,,177.78,300,16994167,2023-05-30T14:28:04Z
AAPL,177.78,,,,200,16995301,2023-05-30T14:28:05Z
AAPL,,,200,,100,16995603,
AAPL,177.8,177.81,1000,177.79,300,17003266,2023-05-30T14:28:07Z
AAPL,,,200,,400,17003748,
AAPL,177.83,177.84,400,177.82,300,17004978,2023-05-30T14:28:09Z
AAPL,177.825,,200,,400,17006382,
AAPL,177.84,177.85,,177.83,600,17009913,2023-05-30T14:28:11Z
AAPL,177.8399,177.84,100,,300,17011790,
AAPL,177.83,177.83,200,177.82,100,17013875,2023-05-30T14:28:13Z
AAPL,177.81,177.82,100,177.8,1100,17015227,
AAPL,177.82,,500,,1000,17016844,2023-05-30T14:28:14Z
AAPL,177.8149,177.83,,177.81,300,17020395,2023-05-30T14:28:15Z
AAPL,177.83,177.84,200,177.82,400,17021829,2023-05-30T14:28:17Z
AAPL,,,100,177.83,200,17021967,
AAPL,177.82,177.83,300,177.81,500,17022439,2023-05-30T14:28:19Z
AAPL,177.84,177.85,400,177.83,,17022802,
AAPL,177.83,177.84,,177.82,,17023917,2023-05-30T14:28:21Z
AAPL,,177.82,100,177.81,300,17024214,
AAPL,177.82,177.85,500,177.83,400,17024644,2023-05-30T14:28:23Z
AAPL,177.81,177.84,200,177.82,500,17025288,2023-05-30T14:28:24Z
AAPL,177.83,177.85,400,177.84,100,17026414,2023-05-30T14:28:25Z
AAPL,177.85,,,,200,17026656,
AAPL,177.844,,200,177.83,700,17029215,2023-05-30T14:28:27Z
AAPL,177.83,177.83,,177.82,100,17030990,2023-05-30T14:28:29Z
AAPL,177.8099,177.82,400,177.8,200,17034983,
AAPL,177.81,177.83,300,177.81,,17035675,2023-05-30T14:28:30Z
AAPL,177.82,,400,,300,17037366,2023-05-30T14:28:31Z
AAPL,177.81,177.81,,177.8,400,17040401,2023-05-30T14:28:33Z
AAPL,177.74,177.74,300,177.73,100,17058853,
AAPL,177.73,177.73,,177.72,400,17059607,2023-05-30T14:28:35Z
AAPL,177.69,177.7,500,177.68,300,17061051,
AAPL,177.695,,100,177.69,,17062820,2023-05-30T14:28:37Z
AAPL,177.6907,,600,177.68,,17063774,
AAPL,177.65,177.66,200,177.65,400,17067988,2023-05-30T14:28:39Z
AAPL,,,600,,100,17071257,2023-05-30T14:28:40Z
AAPL,177.62,177.64,200,177.62,700,17077924,2023-05-30T14:28:41Z
AAPL,,177.63,100,,400,17079727,2023-05-30T14:28:42Z
AAPL,177.65,177.65,200,177.64,300,17086665,
AAPL,177.6458,,,177.63,100,17087049,2023-05-30T14:28:43Z
AAPL,177.68,177.69,300,177.68,200,17089566,2023-05-30T14:28:45Z
AAPL,177.69,,200,177.67,600,17090805,2023-05-30T14:28:46Z
AAPL,177.7,177.7,400,177.69,100,17095299,2023-05-30T14:28:47Z
AAPL,177.695,177.69,,177.67,500,17095703,
AAPL,177.67,177.67,200,177.66,400,17096900,2023-05-30T14:28:49Z
AAPL,177.68,177.7,100,177.68,600,17097344,
AAPL,177.7,177.71,400,177.69,400,17097831,2023-05-30T14:28:51Z
AAPL,,,200,,200,17099885,2023-05-30T14:28:52Z
AAPL,177.72,177.73,,177.72,100,17101688,2023-05-30T14:28:53Z
AAPL,177.69,177.67,300,177.65,800,17103513,
AAPL,177.67,177.69,400,177.67,100,17104222,2023-05-30T14:28:54Z
AAPL,,177.68,100,,300,17105118,2023-05-30T14:28:55Z
AAPL,177.675,,,,200,17105520,2023-05-30T14:28:56Z
AAPL,,,200,,100,17106518,2023-05-30T14:28:58Z
AAPL,177.7,177.71,300,177.7,,17107030,2023-05-30T14:28:59Z
AAPL,177.69,177.68,200,177.66,500,17107776,2023-05-30T14:29:00Z
AAPL,,177.69,400,177.68,400,17109812,2023-05-30T14:29:01Z
AAPL,177.68,177.68,100,177.67,200,17110495,
AAPL,,177.69,200,,700,17111090,2023-05-30T14:29:03Z
AAPL,177.695,177.7,100,177.69,100,17112522,
AAPL,177.7,,,,300,17113382,2023-05-30T14:29:05Z
AAPL,177.65,177.66,,177.65,600,17114637,2023-05-30T14:29:06Z
AAPL,,177.65,,177.64,100,17115373,2023-05-30T14:29:07Z
AAPL,,,400,177.63,600,17117232,2023-05-30T14:29:08Z
AAPL,177.605,177.61,300,177.6,100,17139387,2023-05-30T14:29:09Z
AAPL,177.6,177.62,500,,300,17142189,2023-05-30T14:29:10Z
AAPL,177.61,177.61,,177.59,600,17142857,
AAPL,177.56,177.57,300,177.55,700,17147580,2023-05-30T14:29:11Z
AAPL,177.55,177.56,500,177.54,300,17151383,2023-05-30T14:29:13Z
AAPL,177.52,177.52,200,177.51,500,17155379,2023-05-30T14:29:14Z
AAPL,177.54,177.55,500,177.53,200,17156299,2023-05-30T14:29:15Z
AAPL,177.57,177.58,300,177.57,100,17157523,2023-05-30T14:29:16Z
AAPL,177.56,177.57,400,177.55,400,17158458,2023-05-30T14:29:17Z
AAPL,177.55,,,,300,17159685,
AAPL,177.545,177.55,,177.53,,17160721,2023-05-30T14:29:18Z
AAPL,177.54,,200,177.54,100,17161791,2023-05-30T14:29:20Z
AAPL,,177.53,,177.52,,17163169,2023-05-30T14:29:21Z
AAPL,177.5299,,100,,200,17163475,
AAPL,177.53,177.56,500,177.54,100,17164899,2023-05-30T14:29:22Z
AAPL,177.54,177.55,100,,,17166847,2023-05-30T14:29:23Z
AAPL,177.55,177.56,300,177.55,,17168310,2023-05-30T14:29:25Z
AAPL,177.59,177.59,500,177.58,,17171645,
AAPL,177.56,177.57,400,177.55,300,17174038,2023-05-30T14:29:27Z
AAPL,177.57,177.55,100,177.53,,17204163,
AAPL,177.51,177.52,,177.51,400,17206390,2023-05-30T14:29:28Z
AAPL,177.52,177.53,200,,,17206950,2023-05-30T14:29:30Z
AAPL,,,100,177.52,100,17207306,
AAPL,,,300,177.51,600,17207347,
AAPL,177.55,177.57,400,177.55,,17209117,2023-05-30T14:29:32Z
AAPL,177.56,,100,177.56,400,17209625,2023-05-30T14:29:33Z
AAPL,177.57,177.58,,,500,17210761,2023-05-30T14:29:35Z
AAPL,177.5712,177.57,,,400,17210912,2023-05-30T14:29:36Z
AAPL,177.5954,177.6,300,177.58,200,17211937,
AAPL,177.5701,,,,400,17212647,2023-05-30T14:29:37Z
AAPL,177.5952,177.59,200,,,17214309,2023-05-30T14:29:38Z
AAPL,177.58,,,,,17215000,2023-05-30T14:29:39Z
AAPL,177.565,177.57,,177.56,,17216812,2023-05-30T14:29:40Z
AAPL,177.5528,177.56,,177.55,600,17217702,2023-05-30T14:29:42Z
AAPL,177.55,177.55,500,177.54,100,17223223,2023-05-30T14:29:43Z
AAPL,177.54,177.54,200,177.53,,17224785,
AAPL,,177.55,500,177.54,,17228714,2023-05-30T14:29:45Z
AAPL,177.5606,177.57,400,177.56,200,17230437,
AAPL,177.57,177.58,100,177.57,,17231631,2023-05-30T14:29:46Z
AAPL,177.575,,200,,100,17234753,2023-05-30T14:29:48Z
AAPL,,,,,,17234976,
AAPL,177.59,177.59,,,300,17236288,2023-05-30T14:29:49Z
AAPL,177.6119,177.62,1400,177.6,200,17238119,2023-05-30T14:29:51Z
AAPL,177.63,,300,177.61,100,17240684,2023-05-30T14:29:52Z
AAPL,177.61,177.6,1100,177.59,,17241033,
AAPL,177.6057,177.62,100,177.61,300,17245600,2023-05-30T14:29:53Z
AAPL,177.65,177.65,,177.64,200,17246729,2023-05-30T14:29:54Z
AAPL,177.61,177.62,,177.6,900,17249452,2023-05-30T14:29:56Z
AAPL,177.62,,,177.61,300,17250379,
AAPL,177.6299,177.63,300,,,17256126,2023-05-30T14:29:58Z
AAPL,177.62,,200,177.62,100,17256737,
AAPL,177.6111,,,,300,17258036,2023-05-30T14:29:59Z
AAPL,177.551,177.57,400,177.55,400,17264984,2023-05-30T14:30:01Z
AAPL,177.56,177.56,200,,100,17267685,2023-05-30T14:30:02Z
AAPL,177.5577,177.55,100,177.54,300,17268988,
AAPL,177.51,177.52,,177.51,400,17272121,2023-05-30T14:30:04Z
AAPL,177.52,177.53,,,,17273370,
AAPL,177.5285,,300,,,17274576,2023-05-30T14:30:05Z
AAPL,177.54,177.55,,177.53,300,17275755,2023-05-30T14:30:07Z
AAPL,177.52,177.52,,177.51,100,17276080,
AAPL,177.51,,,177.5,2500,17277085,2023-05-30T14:30:09Z
AAPL,177.531,177.54,200,177.52,600,17280164,2023-05-30T14:30:10Z
AAPL,177.5101,177.52,100,177.51,300,17280745,
AAPL,177.53,177.53,200,177.52,400,17281719,2023-05-30T14:30:11Z
AAPL,,,100,,100,17282566,2023-05-30T14:30:14Z
AAPL,177.55,177.56,300,177.55,,17283968,2023-05-30T14:30:15Z
AAPL,177.56,,500,177.54,200,17284716,
AAPL,177.53,177.53,200,177.52,,17285894,2023-05-30T14:30:17Z
AAPL,177.525,,,,100,17286044,
AAPL,177.51,177.52,100,177.51,400,17289214,2023-05-30T14:30:19Z
AAPL,177.47,177.48,500,177.46,,17310965,2023-05-30T14:30:20Z
AAPL,177.46,177.47,400,177.45,1100,17312070,2023-05-30T14:30:21Z
AAPL,,177.46,100,,200,17314881,2023-05-30T14:30:22Z
AAPL,177.47,177.47,500,,400,17315526,2023-05-30T14:30:23Z
AAPL,177.4609,,300,,200,17316854,
AAPL,177.45,177.45,100,177.44,400,17317357,2023-05-30T14:30:25Z
AAPL,,177.46,700,,100,17318269,
AAPL,,,200,177.45,200,17318408,
AAPL,177.46,177.47,100,177.46,,17319635,2023-05-30T14:30:27Z
AAPL,177.4605,,500,177.45,300,17320527,2023-05-30T14:30:28Z
AAPL,177.47,177.5,600,177.48,100,17322179,2023-05-30T14:30:29Z
AAPL,177.49,177.49,,177.47,300,17323591,2023-05-30T14:30:31Z
AAPL,177.4532,177.47,200,177.46,100,17324541,
AAPL,177.46,,,,,17324961,2023-05-30T14:30:33Z
AAPL,177.4553,177.46,,177.45,500,17329357,
AAPL,177.4359,177.44,100,177.43,1200,17331040,2023-05-30T14:30:34Z
AAPL,177.442,177.45,700,,1300,17331354,2023-05-30T14:30:36Z
AAPL,177.43,177.44,600,,,17334087,
AAPL,177.45,177.46,500,177.44,1900,17337239,2023-05-30T14:30:37Z
AAPL,177.46,,200,,,17338041,2023-05-30T14:30:39Z
AAPL,177.445,177.45,,,,17338504,
AAPL,177.415,177.42,100,177.41,600,17343610,2023-05-30T14:30:41Z
AAPL,177.452,177.46,200,177.44,500,17344580,2023-05-30T14:30:42Z
AAPL,177.45,177.45,100,177.43,300,17345733,
AAPL,177.4488,,,177.44,100,17347292,2023-05-30T14:30:43Z
AAPL,177.4319,177.44,,177.43,,17347920,2023-05-30T14:30:45Z
AAPL,177.43,,300,177.42,300,17348564,2023-05-30T14:30:46Z
AAPL,177.44,,400,,200,17348928,
AAPL,177.4411,177.45,300,177.43,300,17349503,2023-05-30T14:30:48Z
AAPL,,,,,400,17349702,
AAPL,177.447,177.44,400,,100,17350011,2023-05-30T14:30:49Z
AAPL,177.43,,,177.42,300,17351506,2023-05-30T14:30:51Z
AAPL,177.4341,177.43,,,200,17353517,
AAPL,177.4214,177.44,500,,300,17354844,2023-05-30T14:30:52Z
AAPL,177.4308,177.45,100,177.44,100,17356724,2023-05-30T14:30:53Z
AAPL,177.49,177.49,400,177.47,,17361073,2023-05-30T14:30:55Z
AAPL,177.47,177.47,100,177.46,,17361574,
AAPL,177.48,177.48,,,500,17362689,2023-05-30T14:30:57Z
AAPL,177.49,177.5,300,177.48,,17363325,
AAPL,177.505,177.51,,177.49,300,17367172,2023-05-30T14:30:59Z
AAPL,,,,,,17367273,
AAPL,177.5222,177.53,100,177.52,100,17372537,2023-05-30T14:31:01Z
AAPL,177.52,177.52,200,177.5,300,17373092,
AAPL,177.51,177.51,100,,200,17374098,2023-05-30T14:31:02Z
AAPL,177.49,,,,,17375526,2023-05-30T14:31:03Z
AAPL,177.5199,177.52,900,,300,17376181,2023-05-30T14:31:04Z
AAPL,177.5158,,200,177.51,100,17377356,2023-05-30T14:31:05Z
AAPL,,,,,200,17377441,
AAPL,177.5026,177.51,100,177.5,,17380996,2023-05-30T14:31:08Z
AAPL,177.51,,300,177.49,300,17381938,2023-05-30T14:31:09Z
AAPL,177.505,177.5,,,100,17382120,
AAPL,177.49,,200,,300,17382640,2023-05-30T14:31:10Z
AAPL,177.5,177.52,400,177.5,400,17384882,2023-05-30T14:31:12Z
AAPL,177.51,177.51,100,,300,17385906,
AAPL,,177.52,,177.51,200,17386462,2023-05-30T14:31:13Z
AAPL,177.5078,177.53,300,177.52,100,17387162,2023-05-30T14:31:14Z
AAPL,177.52,,,177.51,500,17387850,2023-05-30T14:31:15Z
AAPL,177.524,,100,177.52,100,17389749,2023-05-30T14:31:16Z
AAPL,177.52,,,,200,17390134,2023-05-30T14:31:17Z
AAPL,177.5499,177.55,,177.54,,17391555,2023-05-30T14:31:19Z
AAPL,177.52,177.52,,177.51,900,17393152,2023-05-30T14:31:20Z
AAPL,177.515,,500,,800,17393902,
AAPL,177.5004,177.51,200,177.5,200,17396362,2023-05-30T14:31:22Z
AAPL,,,,,,17396396,
AAPL,177.52,177.52,100,177.51,,17396859,2023-05-30T14:31:23Z
AAPL,177.53,177.54,,177.52,500,17398647,2023-05-30T14:31:25Z
AAPL,177.54,177.55,,177.54,100,17399233,
AAPL,177.5599,177.56,400,,400,17401068,2023-05-30T14:31:26Z
AAPL,177.5501,,100,,500,17401556,2023-05-30T14:31:28Z
AAPL,177.57,177.58,200,177.56,400,17402424,
AAPL,177.55,177.56,,177.54,500,17402642,2023-05-30T14:31:29Z
AAPL,,177.57,500,177.55,200,17402801,
AAPL,177.5602,177.56,200,,100,17404318,2023-05-30T14:31:32Z
AAPL,177.555,177.57,,177.56,200,17408233,
AAPL,177.58,177.58,300,,400,17409602,2023-05-30T14:31:34Z
AAPL,,177.59,,177.57,300,17410635,
AAPL,,,,,,17412934,2023-05-30T14:31:35Z
AAPL,177.59,,100,177.58,400,17414739,2023-05-30T14:31:37Z
AAPL,177.575,,500,177.57,300,17417826,2023-05-30T14:31:38Z
AAPL,177.565,177.57,100,177.56,200,17418499,2023-05-30T14:31:39Z
AAPL,,,,,,17418587,
AAPL,177.5442,177.55,300,177.54,100,17419889,2023-05-30T14:31:40Z
AAPL,177.53,177.53,200,177.52,,17423998,2023-05-30T14:31:41Z
AAPL,,,100,,200,17424213,2023-05-30T14:31:42Z
AAPL,,177.54,200,177.53,100,17425289,2023-05-30T14:31:43Z
AAPL,177.5552,177.56,500,177.54,300,17426042,2023-05-30T14:31:44Z
AAPL,,177.54,200,177.53,100,17426341,
AAPL,177.52,,600,177.52,200,17428508,2023-05-30T14:31:47Z
AAPL,177.5252,177.53,200,177.51,,17428832,
AAPL,177.54,177.56,500,177.54,300,17429883,2023-05-30T14:31:49Z
AAPL,177.53,177.54,300,177.52,,17430779,
AAPL,177.52,177.52,100,177.51,100,17441656,2023-05-30T14:31:50Z
AAPL,177.51,177.53,500,,200,17442538,2023-05-30T14:31:51Z
AAPL,177.52,,300,,400,17443348,2023-05-30T14:31:53Z
AAPL,177.53,177.54,,177.52,,17444306,
AAPL,,,,,500,17444882,2023-05-30T14:31:54Z
AAPL,177.5299,177.53,100,,100,17445552,2023-05-30T14:31:55Z
AAPL,177.545,177.55,,177.54,200,17446592,2023-05-30T14:31:57Z
AAPL,177.56,177.59,400,177.57,500,17448141,
AAPL,177.5693,177.58,,177.56,400,17451805,2023-05-30T14:31:58Z
AAPL,,,200,,500,17451849,
AAPL,177.58,177.59,400,177.57,300,17452428,2023-05-30T14:32:01Z
AAPL,177.578,,200,,,17452726,
AAPL,177.5647,177.58,400,177.56,,17453629,2023-05-30T14:32:02Z
AAPL,177.57,,100,177.57,600,17456608,2023-05-30T14:32:03Z
AAPL,177.56,177.56,,177.55,400,17460943,2023-05-30T14:32:04Z
AAPL,,,200,,100,17462053,2023-05-30T14:32:05Z
AAPL,177.58,177.59,700,177.57,300,17462872,2023-05-30T14:32:07Z
AAPL,,,400,,200,17462982,
AAPL,,,300,,300,17463256,2023-05-30T14:32:08Z
AAPL,177.59,,,,500,17464557,2023-05-30T14:32:09Z
AAPL,177.58,177.58,600,177.56,200,17464727,2023-05-30T14:32:10Z
AAPL,177.57,,100,,400,17464853,2023-05-30T14:32:12Z
AAPL,177.61,177.61,200,177.6,,17467032,2023-05-30T14:32:13Z
AAPL,177.615,177.62,,177.61,100,17470251,2023-05-30T14:32:14Z
AAPL,177.62,177.63,400,,500,17471111,
AAPL,177.63,177.64,700,177.63,100,17472495,2023-05-30T14:32:15Z
AAPL,177.66,177.67,600,177.65,300,17475808,2023-05-30T14:32:16Z
AAPL,177.67,177.66,100,,,17476858,2023-05-30T14:32:17Z
AAPL,177.66,177.67,,,800,17478034,2023-05-30T14:32:19Z
AAPL,177.67,177.68,,177.66,700,17478480,
AAPL,177.66,177.67,400,,400,17480767,2023-05-30T14:32:21Z
AAPL,177.68,177.68,100,,500,17484150,
AAPL,177.67,,,177.67,200,17484585,2023-05-30T14:32:22Z
AAPL,,177.69,600,,100,17485142,2023-05-30T14:32:23Z
AAPL,177.68,,200,177.68,300,17487796,2023-05-30T14:32:25Z
AAPL,,177.68,100,177.67,200,17488469,
AAPL,177.67,,,,300,17498298,2023-05-30T14:32:26Z
AAPL,177.69,177.69,300,177.68,200,17499829,2023-05-30T14:32:27Z
AAPL,177.6999,177.7,4400,,,17501208,2023-05-30T14:32:28Z
AAPL,177.6673,177.67,1100,177.66,,17501982,2023-05-30T14:32:30Z
AAPL,177.655,177.66,,177.65,100,17503008,
AAPL,177.65,,,,200,17503645,2023-05-30T14:32:31Z
AAPL,177.6437,,100,,,17504303,2023-05-30T14:32:32Z
AAPL,177.6599,,300,,400,17505103,2023-05-30T14:32:34Z
AAPL,177.655,177.68,400,177.66,600,17505976,
AAPL,,,,,,17506016,
AAPL,177.675,,,177.67,200,17506497,2023-05-30T14:32:36Z
AAPL,,,,,500,17507291,2023-05-30T14:32:37Z
AAPL,,,,,,17509519,2023-05-30T14:32:38Z
AAPL,177.6799,,,,400,17512347,2023-05-30T14:32:40Z
AAPL,177.67,177.67,300,177.66,100,17513089,2023-05-30T14:32:41Z
AAPL,177.6581,177.66,100,177.65,,17513906,
AAPL,177.66,,200,,,17514348,2023-05-30T14:32:42Z
AAPL,177.6589,,,,200,17514883,2023-05-30T14:32:43Z
AAPL,,,,,,17514951,
AAPL,177.675,177.68,600,177.66,400,17521352,2023-05-30T14:32:45Z
AAPL,177.67,,400,177.67,100,17521538,2023-05-30T14:32:46Z
AAPL,177.6747,,,,300,17522121,2023-05-30T14:32:47Z
AAPL,177.6743,,,,,17522581,2023-05-30T14:32:48Z
AAPL,177.71,177.72,100,177.71,400,17532915,2023-05-30T14:32:50Z
AAPL,,,500,177.7,300,17533326,
AAPL,177.69,177.69,,177.68,100,17536021,2023-05-30T14:32:52Z
AAPL,177.685,,200,,300,17536770,2023-05-30T14:32:53Z
AAPL,177.7186,177.72,400,177.71,200,17543472,2023-05-30T14:32:54Z
AAPL,177.72,,600,,700,17544130,
AAPL,177.735,177.74,200,177.73,200,17547019,2023-05-30T14:32:56Z
AAPL,177.7399,,,,500,17549857,
AAPL,177.735,177.75,600,177.74,400,17550746,2023-05-30T14:32:57Z
AAPL,177.77,177.77,200,177.76,300,17559388,2023-05-30T14:32:59Z
AAPL,177.7679,,100,,400,17561931,2023-05-30T14:33:00Z
AAPL,177.76,,500,177.75,,17565945,2023-05-30T14:33:01Z
AAPL,177.7407,177.75,100,177.74,200,17568192,2023-05-30T14:33:02Z
AAPL,177.76,177.77,200,177.76,,17569321,2023-05-30T14:33:03Z
AAPL,177.78,177.78,100,177.77,300,17572893,2023-05-30T14:33:04Z
AAPL,177.775,,200,,200,17576771,2023-05-30T14:33:06Z
AAPL,,,,,300,17578562,2023-05-30T14:33:07Z
AAPL,177.8,177.81,,177.8,500,17581951,
AAPL,,177.8,300,177.79,700,17583065,2023-05-30T14:33:08Z
AAPL,177.7999,177.81,700,177.8,200,17587638,2023-05-30T14:33:10Z
AAPL,177.8,,300,,100,17589822,
AAPL,177.81,177.82,,177.81,500,17590993,2023-05-30T14:33:12Z
AAPL,,177.81,,177.8,200,17591495,
AAPL,177.78,177.79,100,177.78,300,17594723,2023-05-30T14:33:14Z
AAPL,,,300,177.77,500,17595751,2023-05-30T14:33:15Z
AAPL,177.76,177.77,200,177.76,300,17597538,2023-05-30T14:33:16Z
AAPL,177.7576,177.76,400,177.75,100,17598639,
AAPL,177.7499,177.75,300,177.74,200,17599212,2023-05-30T14:33:17Z
AAPL,177.75,177.76,500,177.75,100,17602601,2023-05-30T14:33:18Z
AAPL,177.755,,,,,17603329,2023-05-30T14:33:19Z
AAPL,177.77,177.77,200,177.76,300,17605618,2023-05-30T14:33:20Z
AAPL,177.75,177.74,100,177.73,400,17607655,2023-05-30T14:33:22Z
AAPL,,177.75,400,,300,,
AAPL,177.76,177.76,100,177.75,200,17609014,2023-05-30T14:33:23Z
AAPL,177.75,177.75,200,177.74,100,17611924,2023-05-30T14:33:25Z
AAPL,177.74,,100,,300,17612295,
AAPL,177.745,,,,,17613652,2023-05-30T14:33:26Z
AAPL,177.72,177.73,300,177.71,400,17615059,2023-05-30T14:33:28Z
AAPL,177.745,177.71,100,177.7,300,17616761,
AAPL,177.705,,400,,100,17618091,2023-05-30T14:33:29Z
AAPL,177.7,177.7,200,177.68,200,17618898,2023-05-30T14:33:30Z
AAPL,177.6701,177.69,500,177.67,3200,17620650,2023-05-30T14:33:31Z
AAPL,177.66,177.67,100,177.66,400,17621840,2023-05-30T14:33:33Z
AAPL,177.665,,200,,100,17622717,
AAPL,177.67,177.68,100,,600,17624450,2023-05-30T14:33:34Z
AAPL,,,400,177.67,300,17624528,
AAPL,,,500,,200,17624875,2023-05-30T14:33:36Z
AAPL,,,,,300,17625902,2023-05-30T14:33:38Z
AAPL,,,600,177.66,400,17626667,
AAPL,,177.67,100,,300,17627293,2023-05-30T14:33:39Z
AAPL,177.665,,500,,200,17627479,2023-05-30T14:33:40Z
AAPL,,,400,,300,17627537,
AAPL,177.67,,,,400,17629037,2023-05-30T14:33:42Z
AAPL,,,,,100,17629313,2023-05-30T14:33:43Z
AAPL,177.6686,,600,,,17629794,2023-05-30T14:33:44Z
AAPL,177.56,177.58,300,177.53,,17671539,2023-05-30T14:33:46Z
AAPL,177.54,177.54,,,200,17688605,2023-05-30T14:33:47Z
AAPL,,,400,,100,17693598,2023-05-30T14:33:48Z
AAPL,177.5195,177.52,200,177.51,,17695674,
AAPL,177.52,177.53,500,,200,17697840,2023-05-30T14:33:50Z
AAPL,177.53,177.54,100,177.53,,17702136,
AAPL,177.565,177.57,500,177.55,300,17703570,2023-05-30T14:33:51Z
AAPL,,177.55,400,177.54,100,17703684,
AAPL,177.535,177.54,,177.53,300,17704539,2023-05-30T14:33:53Z
AAPL,177.54,,500,,,17705485,2023-05-30T14:33:54Z
AAPL,177.535,,,,,17706603,2023-05-30T14:33:56Z
AAPL,177.544,177.55,300,177.54,,17707869,2023-05-30T14:33:57Z
AAPL,177.55,,100,,100,17708441,
AAPL,,,300,,,17708758,2023-05-30T14:33:58Z
AAPL,,177.56,,,400,17711120,2023-05-30T14:34:00Z
AAPL,177.565,,100,177.55,100,17712786,
AAPL,177.5604,177.57,400,177.56,200,17712998,2023-05-30T14:34:01Z
AAPL,177.5687,177.56,300,177.54,600,17714172,2023-05-30T14:34:02Z
AAPL,,177.55,100,,400,17714331,
AAPL,,,400,,,17714604,
AAPL,177.54,,200,177.53,300,17716719,2023-05-30T14:34:05Z
AAPL,177.55,177.56,500,177.54,400,17717819,2023-05-30T14:34:06Z
AAPL,177.53,177.55,400,177.53,,17718686,2023-05-30T14:34:08Z
AAPL,,177.54,,177.52,,17720249,
AAPL,177.5591,177.56,200,177.55,500,17722671,2023-05-30T14:34:10Z
AAPL,177.56,177.57,,,400,17723630,
AAPL,,177.56,100,,200,17725995,2023-05-30T14:34:11Z
AAPL,177.54,177.54,,177.53,300,17726294,2023-05-30T14:34:13Z
AAPL,177.535,,300,,200,17728916,
AAPL,177.545,177.55,400,177.54,300,17730202,2023-05-30T14:34:14Z
AAPL,177.5497,,,,500,17731349,2023-05-30T14:34:16Z
AAPL,177.54,177.54,,177.53,400,17736090,2023-05-30T14:34:17Z
AAPL,177.525,177.53,500,177.52,200,17738471,
AAPL,177.54,177.55,700,177.53,300,17740176,2023-05-30T14:34:19Z
AAPL,177.53,177.54,800,177.52,200,17740448,
AAPL,177.555,177.55,600,177.53,300,17742873,2023-05-30T14:34:20Z
AAPL,177.56,177.57,500,177.55,400,17744018,2023-05-30T14:34:22Z
AAPL,177.545,177.55,600,177.53,300,17744677,
AAPL,177.52,177.52,100,177.51,100,17748423,2023-05-30T14:34:24Z
AAPL,177.515,,200,,,17749890,2023-05-30T14:34:25Z
AAPL,177.505,177.51,300,177.5,500,17752188,2023-05-30T14:34:26Z
AAPL,177.5083,,,,700,17752884,
AAPL,177.53,177.54,400,177.52,200,17755850,2023-05-30T14:34:28Z
AAPL,,177.53,,177.51,700,17756483,
AAPL,177.515,177.52,300,,600,17757865,2023-05-30T14:34:29Z
AAPL,177.52,,200,,200,17760374,2023-05-30T14:34:30Z
AAPL,,,,,300,17762764,2023-05-30T14:34:32Z
AAPL,177.53,177.54,400,177.52,,17763692,
AAPL,,177.53,300,,,17764988,2023-05-30T14:34:34Z
AAPL,177.52,,,177.51,500,17765171,
AAPL,177.5286,177.54,400,177.52,400,17766139,2023-05-30T14:34:35Z
AAPL,177.52,177.53,300,177.51,700,17766642,2023-05-30T14:34:36Z
AAPL,177.5349,177.54,400,177.53,200,17767214,2023-05-30T14:34:37Z
AAPL,177.5284,177.53,200,177.52,100,17767870,2023-05-30T14:34:38Z
AAPL,177.53,,100,,,17768386,2023-05-30T14:34:39Z
AAPL,177.52,177.52,200,177.51,300,17768641,2023-05-30T14:34:40Z
AAPL,,177.54,500,177.52,400,17770422,2023-05-30T14:34:42Z
AAPL,177.5334,177.55,700,177.53,200,17771940,2023-05-30T14:34:43Z
AAPL,177.53,177.54,500,177.52,300,17772979,2023-05-30T14:34:44Z
AAPL,177.54,,200,177.53,100,17773579,
AAPL,177.53,,,,200,17773887,
AAPL,177.54,177.56,300,177.55,2600,17776361,2023-05-30T14:34:46Z
AAPL,177.57,177.57,100,177.56,200,17778859,2023-05-30T14:34:47Z
AAPL,177.54,177.54,300,177.53,,17783576,2023-05-30T14:34:48Z
AAPL,177.55,177.56,600,177.54,500,17784962,2023-05-30T14:34:50Z
AAPL,177.56,,500,177.55,100,17785617,
AAPL,177.57,177.57,100,177.56,,17787202,2023-05-30T14:34:51Z
AAPL,177.575,,300,,200,17789720,2023-05-30T14:34:52Z
AAPL,177.56,177.56,200,177.55,300,17790054,2023-05-30T14:34:54Z
AAPL,,,100,,600,17790087,
AAPL,177.5507,,200,,500,17790439,2023-05-30T14:34:55Z
AAPL,177.56,177.57,,177.56,100,17790795,2023-05-30T14:34:56Z
AAPL,177.565,,300,177.55,800,17791405,2023-05-30T14:34:57Z
AAPL,177.555,,100,177.56,100,17793455,2023-05-30T14:34:59Z
AAPL,177.58,177.58,,177.58,,17794451,2023-05-30T14:35:00Z
AAPL,177.605,177.61,1000,177.6,300,17796173,2023-05-30T14:35:01Z
AAPL,177.5787,177.58,200,177.57,400,17797155,
AAPL,177.56,177.56,100,177.55,500,17800517,2023-05-30T14:35:03Z
AAPL,177.54,177.54,400,177.52,400,17803582,
AAPL,177.53,177.53,300,,200,17805805,2023-05-30T14:35:05Z
AAPL,,177.54,500,,500,17809351,2023-05-30T14:35:06Z
AAPL,177.5299,177.53,100,,200,17809530,
AAPL,177.52,177.52,,177.51,500,17810062,2023-05-30T14:35:07Z
AAPL,177.48,177.48,200,177.47,1000,17813904,2023-05-30T14:35:09Z
AAPL,177.49,177.49,700,,500,17816694,
AAPL,,,500,177.48,200,17818068,2023-05-30T14:35:10Z
AAPL,177.465,177.47,300,177.46,700,17819389,2023-05-30T14:35:11Z
AAPL,177.47,,,,,17820506,2023-05-30T14:35:12Z
AAPL,,177.48,,,,17821118,2023-05-30T14:35:13Z
AAPL,177.474,,,,900,17821301,2023-05-30T14:35:14Z
AAPL,177.45,177.46,500,177.45,2400,17823546,2023-05-30T14:35:16Z
AAPL,177.455,,300,,2500,17824647,2023-05-30T14:35:17Z
AAPL,177.4599,,,,2400,17824964,
AAPL,177.47,177.47,,177.46,300,17831435,2023-05-30T14:35:19Z
AAPL,,,200,,200,17831510,
AAPL,177.46,177.46,400,177.45,,17836047,2023-05-30T14:35:20Z
AAPL,177.45,177.45,600,177.43,100,17836537,2023-05-30T14:35:21Z
AAPL,177.44,177.44,300,,300,17836946,2023-05-30T14:35:22Z
AAPL,177.46,177.46,400,177.44,600,17840188,2023-05-30T14:35:24Z
AAPL,177.44,177.44,300,177.43,100,17840646,
AAPL,,,200,,1000,17841061,2023-05-30T14:35:25Z
AAPL,177.4388,,400,,900,17841746,2023-05-30T14:35:26Z
AAPL,177.44,177.45,500,,300,17843465,2023-05-30T14:35:27Z
AAPL,,177.44,,,100,17843858,2023-05-30T14:35:28Z
AAPL,177.435,,300,,,17844974,2023-05-30T14:35:30Z
AAPL,177.43,177.43,500,177.42,1000,17846524,
AAPL,177.425,,,,,17847908,2023-05-30T14:35:32Z
AAPL,177.392,177.4,300,177.39,300,17873101,
AAPL,177.4089,177.41,400,177.4,500,17874451,2023-05-30T14:35:33Z
AAPL,177.41,,600,,200,17875744,2023-05-30T14:35:34Z
AAPL,,,200,,,17878746,2023-05-30T14:35:36Z
AAPL,177.39,177.4,500,177.38,,17883220,
AAPL,,,200,177.39,400,17883598,2023-05-30T14:35:37Z
AAPL,,,100,177.38,500,17883807,
AAPL,,177.41,400,177.39,200,17884759,2023-05-30T14:35:39Z
AAPL,,177.4,,,100,17885405,2023-05-30T14:35:40Z
AAPL,177.4,177.41,300,,200,17886604,2023-05-30T14:35:41Z
AAPL,177.39,,,,300,17887313,2023-05-30T14:35:42Z
AAPL,177.44,177.42,,177.4,,17889138,2023-05-30T14:35:43Z
AAPL,177.415,,100,177.41,200,17891247,2023-05-30T14:35:45Z
AAPL,177.43,177.44,500,177.42,,17893346,2023-05-30T14:35:46Z
AAPL,,177.43,600,177.41,,17893806,2023-05-30T14:35:47Z
AAPL,177.44,177.44,300,177.42,500,17895481,
AAPL,177.435,,,177.43,600,17899113,2023-05-30T14:35:48Z
AAPL,,,400,,,17899985,2023-05-30T14:35:49Z
AAPL,,,300,,,17900299,2023-05-30T14:35:50Z
AAPL,177.445,177.45,400,177.44,200,17901934,2023-05-30T14:35:51Z
AAPL,177.435,177.44,,177.43,600,17904449,2023-05-30T14:35:53Z
AAPL,177.45,177.46,300,177.45,300,17906317,
AAPL,177.44,177.45,,177.44,100,17906698,2023-05-30T14:35:55Z
AAPL,177.435,177.44,400,177.43,,17907726,
AAPL,177.4285,177.43,,177.42,,17909030,2023-05-30T14:35:56Z
AAPL,177.445,177.45,300,177.44,,17912548,2023-05-30T14:35:58Z
AAPL,177.444,,,,,17913416,2023-05-30T14:35:59Z
AAPL,177.4171,177.42,100,177.41,,17915602,2023-05-30T14:36:00Z
AAPL,177.43,,200,,,17916947,2023-05-30T14:36:01Z
AAPL,177.4199,,,177.4,400,17918404,2023-05-30T14:36:03Z
AAPL,,,300,177.41,100,17918659,
AAPL,177.41,177.41,200,177.4,400,17919271,2023-05-30T14:36:04Z
AAPL,177.38,177.39,100,177.38,300,17921263,2023-05-30T14:36:05Z
AAPL,,,1100,177.37,400,17923038,2023-05-30T14:36:07Z
AAPL,177.36,177.37,400,177.36,800,17924663,
AAPL,,,700,,600,17926714,2023-05-30T14:36:09Z
AAPL,177.34,177.34,200,177.33,400,17943767,2023-05-30T14:36:10Z
AAPL,177.35,,400,,100,17945264,
AAPL,177.33,177.33,300,177.32,200,17946768,2023-05-30T14:36:11Z
AAPL,177.325,,1200,,,17948803,2023-05-30T14:36:12Z
AAPL,177.335,177.35,200,177.34,,17955597,2023-05-30T14:36:14Z
AAPL,177.34,,700,177.33,400,17956480,2023-05-30T14:36:15Z
AAPL,177.33,177.34,500,177.32,,17956884,
AAPL,,,800,,300,17960577,2023-05-30T14:36:16Z
AAPL,,177.33,200,,,17960968,2023-05-30T14:36:18Z
AAPL,177.325,,400,,,17961094,
AAPL,,,300,,,17962378,2023-05-30T14:36:20Z
AAPL,177.315,177.32,200,177.31,,17964142,
AAPL,177.3,177.3,100,177.29,,17967214,2023-05-30T14:36:21Z
AAPL,,177.31,,177.3,,17967885,2023-05-30T14:36:22Z
AAPL,,,1100,177.29,400,17968684,2023-05-30T14:36:23Z
AAPL,,,800,177.3,300,17969379,2023-05-30T14:36:24Z
AAPL,,,,,200,17969489,
AAPL,177.33,177.33,600,177.31,500,17974929,2023-05-30T14:36:26Z
AAPL,,177.34,1000,177.33,800,17977553,2023-05-30T14:36:28Z
AAPL,,,1100,177.32,600,17982492,2023-05-30T14:36:29Z
AAPL,177.335,,700,177.33,200,17983791,2023-05-30T14:36:30Z
AAPL,177.3365,,800,,,17984978,
AAPL,177.355,177.36,500,177.35,500,17990879,2023-05-30T14:36:31Z
AAPL,177.35,177.34,200,177.33,300,17992756,2023-05-30T14:36:32Z
AAPL,177.3354,,1200,,100,17994203,2023-05-30T14:36:33Z
AAPL,177.32,177.33,400,177.32,,17995826,2023-05-30T14:36:34Z
AAPL,,,1500,,,17997120,2023-05-30T14:36:35Z
AAPL,,,1600,177.31,800,17999714,2023-05-30T14:36:36Z
AAPL,177.305,177.31,200,177.3,500,18002127,2023-05-30T14:36:38Z
AAPL,177.33,177.33,1000,177.32,100,18003283,
AAPL,177.312,177.32,300,177.3,800,18005223,2023-05-30T14:36:40Z
AAPL,177.3,,600,,400,18005356,
AAPL,177.3001,177.31,500,,200,18006923,2023-05-30T14:36:41Z
AAPL,177.29,,1500,177.29,,18008252,2023-05-30T14:36:42Z
AAPL,,177.29,200,177.28,700,18010226,2023-05-30T14:36:43Z
AAPL,177.28,,300,,300,18013484,2023-05-30T14:36:44Z
AAPL,177.29,177.3,1600,,400,18013934,2023-05-30T14:36:45Z
AAPL,177.2951,,1500,,700,18015450,2023-05-30T14:36:46Z
AAPL,177.29,,1200,177.29,100,18016988,2023-05-30T14:36:47Z
AAPL,177.295,,500,,300,18021020,2023-05-30T14:36:49Z
AAPL,,,600,,,18023730,2023-05-30T14:36:50Z
AAPL,,177.29,300,177.28,,18027794,
AAPL,177.29,177.3,1200,,700,18029858,2023-05-30T14:36:51Z
AAPL,177.2837,,900,,,18030780,2023-05-30T14:36:52Z
AAPL,177.29,,700,177.29,500,18031296,2023-05-30T14:36:54Z
AAPL,,,,,,18031734,
AAPL,,,900,,100,18032698,2023-05-30T14:36:55Z
AAPL,177.305,177.31,1500,177.3,300,18045204,2023-05-30T14:36:57Z
AAPL,177.315,177.32,400,,600,18050161,
AAPL,177.3198,,300,177.31,100,18050969,2023-05-30T14:36:58Z
AAPL,177.3,177.31,600,177.29,700,18051943,2023-05-30T14:37:00Z
AAPL,,,100,,500,18052107,
AAPL,177.31,177.32,400,177.3,700,18053289,2023-05-30T14:37:02Z
AAPL,177.3146,,,177.31,200,18054231,
AAPL,177.3138,,,,300,18057701,2023-05-30T14:37:03Z
AAPL,177.315,,,,100,18060925,2023-05-30T14:37:04Z
AAPL,177.3002,177.31,300,177.3,,18061872,2023-05-30T14:37:05Z
AAPL,177.3,177.3,200,177.29,300,18063551,2023-05-30T14:37:06Z
AAPL,177.31,177.32,500,177.3,4500,18065449,2023-05-30T14:37:07Z
AAPL,177.32,177.31,300,,4600,18066658,2023-05-30T14:37:08Z
AAPL,177.3099,,100,,4300,18069069,2023-05-30T14:37:09Z
AAPL,177.3,177.3,300,177.29,200,18076254,2023-05-30T14:37:11Z
AAPL,177.2905,,200,,,18076616,
AAPL,177.3094,177.31,300,177.3,,18078153,2023-05-30T14:37:12Z
AAPL,177.305,,,,,18078440,2023-05-30T14:37:13Z
AAPL,177.3087,,200,,,18079968,2023-05-30T14:37:15Z
AAPL,177.3,,400,177.29,400,18080230,
AAPL,177.3079,,100,177.3,500,18080642,2023-05-30T14:37:16Z
AAPL,177.3001,,500,177.29,,18081078,2023-05-30T14:37:17Z
AAPL,177.295,,,,300,18081472,2023-05-30T14:37:18Z
AAPL,,,200,177.3,1100,18111508,
AAPL,,,500,,1000,18111601,
AAPL,177.305,,600,177.29,600,18112765,2023-05-30T14:37:21Z
AAPL,177.3,,500,177.3,100,18113311,2023-05-30T14:37:22Z
AAPL,177.31,,,,300,18113704,2023-05-30T14:37:24Z
AAPL,177.3038,,,,100,18114520,
AAPL,177.31,,,,600,18114683,2023-05-30T14:37:25Z
AAPL,177.3002,,,,,18116044,2023-05-30T14:37:27Z
AAPL,177.3115,177.32,200,177.31,200,18118277,2023-05-30T14:37:28Z
AAPL,177.325,177.33,700,177.32,500,18119449,
AAPL,177.3181,177.32,200,177.31,100,18122142,2023-05-30T14:37:29Z
AAPL,177.31,177.31,,177.3,700,18122920,2023-05-30T14:37:30Z
AAPL,,177.32,,177.31,400,18123956,2023-05-30T14:37:31Z
AAPL,,,300,,200,18124068,
AAPL,177.325,177.33,900,,700,18126650,2023-05-30T14:37:33Z
AAPL,177.3242,177.32,100,,,18127077,2023-05-30T14:37:34Z
AAPL,177.32,177.33,700,,,18127244,2023-05-30T14:37:35Z
AAPL,,177.32,600,,100,18129008,2023-05-30T14:37:37Z
AAPL,,177.33,400,177.32,200,18129384,
AAPL,177.31,177.31,200,177.3,500,18133666,2023-05-30T14:37:39Z
AAPL,177.305,,300,,,18133803,
AAPL,,,400,,,18134222,2023-05-30T14:37:41Z
AAPL,177.32,177.33,500,177.31,400,18136592,
AAPL,,,400,,500,18137014,2023-05-30T14:37:42Z
AAPL,177.31,177.31,200,177.3,,18141157,2023-05-30T14:37:43Z
AAPL,177.305,,100,,600,18141412,2023-05-30T14:37:44Z
AAPL,,,,,,18142124,2023-05-30T14:37:46Z
AAPL,,,,,,18142214,
AAPL,177.29,177.3,300,177.29,200,18144036,2023-05-30T14:37:47Z
AAPL,177.28,177.28,100,177.27,400,18145609,2023-05-30T14:37:48Z
AAPL,,,400,,,18147744,2023-05-30T14:37:49Z
AAPL,177.2755,,200,,500,18148156,2023-05-30T14:37:50Z
AAPL,177.28,177.29,500,,,18150594,2023-05-30T14:37:51Z
AAPL,177.2401,177.25,200,177.24,1200,18155271,2023-05-30T14:37:53Z
AAPL,177.26,177.26,700,,1000,18156847,
AAPL,177.2572,177.27,600,177.26,300,18168288,2023-05-30T14:37:54Z
AAPL,177.25,177.25,400,177.24,800,18170128,2023-05-30T14:37:55Z
AAPL,,,100,,1500,18170449,2023-05-30T14:37:56Z
AAPL,,177.26,,177.25,400,18170673,2023-05-30T14:37:57Z
AAPL,177.29,177.3,600,177.28,600,18173554,2023-05-30T14:37:59Z
AAPL,177.28,177.29,500,177.27,500,18174159,2023-05-30T14:38:00Z
AAPL,,177.28,,177.26,,18174774,
AAPL,177.2664,177.26,300,177.25,300,18175560,2023-05-30T14:38:01Z
AAPL,177.255,,200,,100,18175783,2023-05-30T14:38:02Z
AAPL,177.25,,,177.24,1600,18176288,2023-05-30T14:38:03Z
AAPL,177.245,177.25,,,1200,18177132,2023-05-30T14:38:04Z
AAPL,,177.26,600,,1300,18178480,2023-05-30T14:38:05Z
AAPL,177.2442,,500,,1500,18178986,2023-05-30T14:38:06Z
AAPL,177.2472,177.25,400,,1100,18179321,2023-05-30T14:38:07Z
AAPL,177.24,,300,177.23,600,18181098,2023-05-30T14:38:08Z
AAPL,,177.24,100,,,18182753,2023-05-30T14:38:10Z
AAPL,177.2486,177.25,500,177.24,100,18182994,
AAPL,177.24,,200,,300,18183589,2023-05-30T14:38:11Z
AAPL,177.25,177.26,400,177.25,400,18186940,2023-05-30T14:38:12Z
AAPL,177.28,177.27,200,,900,18190800,2023-05-30T14:38:13Z
AAPL,177.2471,177.25,600,177.24,100,18194144,2023-05-30T14:38:15Z
AAPL,177.235,177.24,100,177.23,400,18197688,2023-05-30T14:38:16Z
AAPL,177.2319,,300,,300,18198085,
AAPL,177.2301,,700,,200,18198843,2023-05-30T14:38:18Z
AAPL,177.2026,177.22,500,177.2,500,18204618,2023-05-30T14:38:19Z
AAPL,177.21,177.21,300,,600,18212267,
AAPL,,,500,,,18213311,2023-05-30T14:38:20Z
AAPL,177.225,177.23,300,177.22,100,18214431,2023-05-30T14:38:22Z
AAPL,177.21,177.21,200,177.2,600,18215475,
AAPL,177.205,177.22,400,,,18219444,2023-05-30T14:38:25Z
AAPL,177.22,177.23,200,177.22,500,18219714,2023-05-30T14:38:26Z
AAPL,177.2484,177.26,400,177.24,400,18222776,2023-05-30T14:38:27Z
AAPL,177.25,,100,177.25,600,18223211,2023-05-30T14:38:28Z
AAPL,177.2501,,,,,18223549,2023-05-30T14:38:29Z
AAPL,177.26,177.27,400,177.26,,18232260,2023-05-30T14:38:30Z
AAPL,177.255,177.26,,177.25,100,18232932,2023-05-30T14:38:31Z
AAPL,177.27,177.28,700,177.26,200,18233793,2023-05-30T14:38:32Z
AAPL,177.265,177.27,300,,100,18234277,2023-05-30T14:38:33Z
AAPL,177.27,177.28,700,,300,18235086,2023-05-30T14:38:34Z
AAPL,177.2699,,,,,18235222,2023-05-30T14:38:35Z
AAPL,,,400,177.27,100,18235364,
AAPL,177.29,177.3,800,177.28,,18236305,2023-05-30T14:38:37Z
AAPL,,177.29,400,177.27,600,18237120,2023-05-30T14:38:38Z
AAPL,177.28,177.28,500,,100,18238475,2023-05-30T14:38:39Z
AAPL,177.27,177.27,300,177.26,600,18239962,2023-05-30T14:38:40Z
AAPL,177.275,177.28,100,177.27,300,18245050,2023-05-30T14:38:41Z
AAPL,,,,,200,18246458,2023-05-30T14:38:42Z
AAPL,177.2708,,200,,400,18247591,2023-05-30T14:38:43Z
AAPL,177.275,,100,,500,18247814,2023-05-30T14:38:44Z
AAPL,177.31,177.31,1900,177.29,,18251698,2023-05-30T14:38:45Z
AAPL,,,,177.3,,18253343,2023-05-30T14:38:46Z
AAPL,177.3291,177.33,1000,177.32,1000,18258430,2023-05-30T14:38:47Z
AAPL,177.34,177.34,100,177.33,100,18262991,2023-05-30T14:38:48Z
AAPL,177.33,,1700,177.32,1200,18263400,2023-05-30T14:38:49Z
AAPL,177.34,177.35,600,177.33,500,18266872,2023-05-30T14:38:50Z
AAPL,,,500,177.34,800,18267067,
AAPL,,,,,100,18267283,
AAPL,177.3433,,100,,1900,18268477,2023-05-30T14:38:53Z
AAPL,177.3475,,300,,1300,18270341,2023-05-30T14:38:54Z
AAPL,,,200,,,18270374,
AAPL,177.35,,100,,1400,18270845,2023-05-30T14:38:56Z
AAPL,177.36,177.37,400,177.36,600,18272686,2023-05-30T14:38:57Z
AAPL,177.38,177.39,600,177.37,1400,18273526,2023-05-30T14:38:58Z
AAPL,,177.38,100,,900,18276223,2023-05-30T14:38:59Z
AAPL,177.4,177.4,300,177.39,500,18279695,2023-05-30T14:39:00Z
AAPL,177.41,177.42,100,177.41,100,18282200,2023-05-30T14:39:01Z
AAPL,177.4082,177.41,400,177.39,700,18283083,2023-05-30T14:39:02Z
AAPL,177.4,,100,177.4,100,18283886,2023-05-30T14:39:03Z
AAPL,,,,,,18284190,2023-05-30T14:39:04Z
AAPL,,,200,,300,18289029,2023-05-30T14:39:05Z
AAPL,177.405,,,,400,18290613,2023-05-30T14:39:06Z
AAPL,177.41,177.42,100,177.41,1100,18291816,2023-05-30T14:39:07Z
AAPL,,,,,900,18291918,2023-05-30T14:39:08Z
AAPL,177.42,177.43,400,,1500,18292904,2023-05-30T14:39:09Z
AAPL,177.41,177.41,200,177.4,400,18295498,2023-05-30T14:39:10Z
AAPL,177.4076,,100,,,18296033,2023-05-30T14:39:11Z
AAPL,177.409,,,,500,18296328,
AAPL,177.4087,,,,600,18299872,2023-05-30T14:39:13Z
AAPL,177.42,177.44,400,177.42,300,18300610,2023-05-30T14:39:14Z
AAPL,177.425,177.43,100,,1400,18301699,2023-05-30T14:39:15Z
AAPL,177.44,177.45,500,177.44,100,18303629,2023-05-30T14:39:16Z
AAPL,,177.44,400,177.42,1700,18305750,2023-05-30T14:39:17Z
AAPL,,177.45,600,177.43,700,18307254,2023-05-30T14:39:18Z
AAPL,,,200,177.44,300,18307677,
AAPL,177.435,177.44,300,177.43,600,18308654,2023-05-30T14:39:20Z
AAPL,177.44,,200,,700,18310175,2023-05-30T14:39:21Z
AAPL,177.45,177.47,300,177.45,200,18313599,2023-05-30T14:39:22Z
AAPL,,177.45,200,177.44,800,18313819,
AAPL,177.4491,,100,,600,18314278,2023-05-30T14:39:24Z
AAPL,177.46,177.46,,,1000,18315758,2023-05-30T14:39:25Z
AAPL,177.455,177.47,400,177.46,100,18316225,2023-05-30T14:39:26Z
AAPL,177.4552,,500,177.45,500,18316662,2023-05-30T14:39:27Z
AAPL,177.44,177.45,400,177.44,100,18318906,2023-05-30T14:39:28Z
AAPL,177.4391,177.44,100,177.43,300,18320794,2023-05-30T14:39:30Z
AAPL,177.435,,300,,200,18321333,2023-05-30T14:39:31Z
AAPL,177.44,177.45,100,177.44,600,18322511,2023-05-30T14:39:32Z
AAPL,177.4699,177.47,400,177.45,900,18323152,2023-05-30T14:39:33Z
AAPL,177.44,177.45,,177.43,300,18324545,2023-05-30T14:39:34Z
AAPL,177.45,,100,177.44,200,18324713,
AAPL,177.44,177.44,300,177.43,400,18326037,2023-05-30T14:39:36Z
AAPL,177.4143,177.42,100,177.41,900,18331853,2023-05-30T14:39:37Z
AAPL,177.41,177.4,400,177.39,100,18332705,2023-05-30T14:39:38Z
AAPL,177.36,177.36,300,177.35,500,18337219,2023-05-30T14:39:39Z
AAPL,177.3516,,900,177.34,400,18340075,2023-05-30T14:39:40Z
AAPL,177.31,177.32,300,177.31,300,18343298,2023-05-30T14:39:41Z
AAPL,177.315,,200,,200,18344088,
AAPL,177.27,177.28,,177.27,300,18351582,2023-05-30T14:39:43Z
AAPL,177.265,177.27,400,177.26,1100,18355261,2023-05-30T14:39:44Z
AAPL,,,,,1000,18355575,
AAPL,177.26,177.26,300,177.25,,18357019,2023-05-30T14:39:45Z
AAPL,177.25,177.25,100,177.24,400,18358385,2023-05-30T14:39:47Z
AAPL,177.2586,,,,300,18359589,2023-05-30T14:39:48Z
AAPL,177.25,,,,400,18360186,2023-05-30T14:39:49Z
AAPL,177.2488,177.26,1000,,600,18360367,2023-05-30T14:39:50Z
AAPL,177.23,177.24,400,177.22,300,18361795,2023-05-30T14:39:51Z
AAPL,,177.23,200,,100,18362183,2023-05-30T14:39:52Z
AAPL,177.22,177.22,100,177.21,500,18362323,2023-05-30T14:39:53Z
AAPL,177.2168,,1600,177.2,600,18362490,2023-05-30T14:39:54Z
AAPL,177.21,,1400,,,18362980,2023-05-30T14:39:56Z
AAPL,177.2101,,1300,177.21,100,18363299,2023-05-30T14:39:57Z
AAPL,177.2099,177.21,200,177.2,600,18364640,2023-05-30T14:39:58Z
AAPL,177.21,,800,,,18366882,2023-05-30T14:39:59Z
AAPL,177.16,177.18,400,177.16,2200,18374386,2023-05-30T14:40:00Z
AAPL,177.175,,300,177.17,100,18374787,2023-05-30T14:40:01Z
AAPL,177.1688,,1400,177.16,1800,18375084,
AAPL,177.17,,900,177.17,200,18379626,2023-05-30T14:40:03Z
AAPL,,,,,100,18381416,2023-05-30T14:40:04Z
AAPL,177.1799,,1000,,,18387930,
AAPL,177.16,,1100,177.16,500,18389124,2023-05-30T14:40:06Z
AAPL,,177.17,200,,100,18389620,2023-05-30T14:40:07Z
AAPL,,,400,177.15,1300,18393186,2023-05-30T14:40:08Z
AAPL,177.1611,,1100,177.16,100,18393593,2023-05-30T14:40:09Z
AAPL,177.16,,1000,,400,18394103,2023-05-30T14:40:10Z
AAPL,,,,,500,18399393,2023-05-30T14:40:11Z
AAPL,,177.16,1200,177.15,1100,18399802,2023-05-30T14:40:12Z
AAPL,177.15,,1400,177.14,5300,18403521,2023-05-30T14:40:13Z
AAPL,177.16,,,,5400,18403777,
AAPL,177.13,177.13,100,177.12,300,18411785,2023-05-30T14:40:15Z
AAPL,177.135,177.14,,177.13,600,18414553,2023-05-30T14:40:16Z
AAPL,177.145,,300,,300,18418384,
AAPL,177.13,,1300,,100,18418889,2023-05-30T14:40:18Z
AAPL,177.155,177.16,1100,177.15,400,18426597,2023-05-30T14:40:19Z
AAPL,177.1515,,,,200,18427365,2023-05-30T14:40:20Z
AAPL,177.17,177.18,1200,177.17,800,18432364,2023-05-30T14:40:21Z
AAPL,177.18,177.19,600,,500,18437088,2023-05-30T14:40:22Z
AAPL,,177.18,500,,,18438534,2023-05-30T14:40:23Z
AAPL,,,1600,,200,18439325,2023-05-30T14:40:24Z
AAPL,177.175,,1700,,500,18439931,2023-05-30T14:40:25Z
AAPL,177.1585,177.16,300,177.15,200,18441818,2023-05-30T14:40:26Z
AAPL,177.1301,177.15,400,177.13,400,18442959,2023-05-30T14:40:27Z
AAPL,,177.14,300,,200,18443044,
AAPL,177.13,,2200,,,18449314,2023-05-30T14:40:29Z
AAPL,177.1243,177.12,400,177.11,700,18450482,2023-05-30T14:40:30Z
AAPL,177.1211,177.14,2400,177.12,500,18453525,
AAPL,177.15,177.16,800,177.15,400,18462431,2023-05-30T14:40:32Z
AAPL,,,,,500,18464863,
AAPL,177.19,177.2,300,177.18,400,18468418,2023-05-30T14:40:34Z
AAPL,177.1859,177.19,200,,100,18469607,2023-05-30T14:40:35Z
AAPL,177.19,,,,200,18470292,2023-05-30T14:40:36Z
AAPL,,,,,400,18470354,
AAPL,177.2,177.22,400,177.2,500,18471760,2023-05-30T14:40:38Z
AAPL,177.21,177.23,100,177.22,600,18472172,
AAPL,177.22,177.22,,177.21,400,18473016,2023-05-30T14:40:40Z
AAPL,,177.23,400,,300,18476443,2023-05-30T14:40:41Z
AAPL,177.19,177.19,100,177.18,400,18478602,2023-05-30T14:40:42Z
AAPL,177.1999,177.2,500,,300,18479368,2023-05-30T14:40:43Z
AAPL,177.19,177.19,300,,100,18479506,
AAPL,177.1823,,100,,500,18483188,2023-05-30T14:40:45Z
AAPL,177.1938,177.21,300,177.19,200,18484073,2023-05-30T14:40:46Z
AAPL,177.205,,,,,18484280,2023-05-30T14:40:47Z
AAPL,,,900,,400,18486835,2023-05-30T14:40:48Z
AAPL,177.2,,600,177.2,300,18487293,
AAPL,177.21,177.22,700,177.21,,18488453,2023-05-30T14:40:50Z
AAPL,177.22,177.21,100,177.2,100,18488797,
AAPL,177.185,177.19,400,177.18,200,18489864,2023-05-30T14:40:52Z
AAPL,177.1701,177.18,100,177.17,,18497262,2023-05-30T14:40:53Z
AAPL,177.16,177.17,400,177.15,500,18500094,2023-05-30T14:40:54Z
AAPL,177.135,177.14,100,177.13,600,18503941,2023-05-30T14:40:55Z
AAPL,,177.15,300,177.14,100,18504111,
AAPL,,177.14,,177.13,400,18504198,
AAPL,177.14,177.15,,177.14,500,18504600,2023-05-30T14:40:58Z
AAPL,177.1491,,,,400,18505184,2023-05-30T14:40:59Z
AAPL,,,500,177.13,1000,18505305,
AAPL,177.1201,177.13,,177.12,100,18506575,2023-05-30T14:41:01Z
AAPL,177.1102,177.12,,177.11,300,18510472,2023-05-30T14:41:02Z
AAPL,177.095,177.1,400,177.09,400,18512341,2023-05-30T14:41:03Z
AAPL,177.0946,,500,,,18514995,2023-05-30T14:41:04Z
AAPL,177.08,177.09,700,177.08,300,18535628,2023-05-30T14:41:06Z
AAPL,177.085,,,,200,18537548,2023-05-30T14:41:07Z
AAPL,177.06,177.07,300,177.06,300,18540932,2023-05-30T14:41:08Z
AAPL,177.05,177.06,200,177.05,100,18544438,2023-05-30T14:41:09Z
AAPL,177.075,177.08,1200,177.07,,18551356,2023-05-30T14:41:10Z
AAPL,177.08,,1100,177.06,500,18551767,2023-05-30T14:41:11Z
AAPL,177.07,177.07,800,,200,18553190,
AAPL,177.0521,177.06,100,177.05,,18553568,2023-05-30T14:41:13Z
AAPL,177.05,,400,177.04,500,18554138,2023-05-30T14:41:14Z
AAPL,,177.05,1000,,100,18554613,
AAPL,177.0476,,,,,18555348,2023-05-30T14:41:16Z
AAPL,177.025,177.03,100,177.02,400,18557707,2023-05-30T14:41:17Z
AAPL,177.07,177.07,1500,177.05,900,18563841,2023-05-30T14:41:18Z
AAPL,177.0699,,1100,177.06,500,18565809,2023-05-30T14:41:19Z
AAPL,177.075,177.08,900,177.07,300,18568966,2023-05-30T14:41:20Z
AAPL,177.07,177.07,200,177.06,200,18569408,2023-05-30T14:41:21Z
AAPL,177.0692,,700,,600,18570336,
AAPL,177.0682,,,,300,18570750,2023-05-30T14:41:22Z
AAPL,177.07,,200,,,18574213,2023-05-30T14:41:24Z
AAPL,177.05,177.05,300,177.04,600,18577859,2023-05-30T14:41:25Z
AAPL,,,100,,700,18577875,
AAPL,177.06,177.06,,177.05,300,18581486,2023-05-30T14:41:27Z
AAPL,,177.07,900,177.06,100,18581922,2023-05-30T14:41:28Z
AAPL,177.05,177.05,300,177.04,500,18582768,2023-05-30T14:41:29Z
AAPL,177.045,,,,400,18583151,2023-05-30T14:41:30Z
AAPL,,,400,,,18583553,
AAPL,,,1200,,,18585540,2023-05-30T14:41:32Z
AAPL,177.02,177.02,300,177.01,1400,18590309,2023-05-30T14:41:33Z
AAPL,177.002,177.01,,177,6700,18599917,2023-05-30T14:41:34Z
AAPL,176.985,176.98,,176.97,300,18629046,2023-05-30T14:41:35Z
AAPL,,176.99,1400,176.98,400,18631973,2023-05-30T14:41:36Z
AAPL,177.025,177.03,500,177.02,200,18640089,2023-05-30T14:41:37Z
AAPL,,,1800,,100,18641819,2023-05-30T14:41:38Z
AAPL,177.0123,177.02,400,177.01,,18642492,2023-05-30T14:41:39Z
AAPL,,,1300,,200,18642517,
AAPL,177.04,177.04,200,177.03,100,18648427,2023-05-30T14:41:41Z
AAPL,,177.05,400,177.04,,18649609,2023-05-30T14:41:42Z
AAPL,177.0333,177.04,,177.03,200,18651250,2023-05-30T14:41:43Z
AAPL,177.05,177.06,700,177.04,600,18655376,2023-05-30T14:41:44Z
AAPL,177.06,,100,177.05,300,18656888,2023-05-30T14:41:45Z
AAPL,177.065,177.07,600,177.06,200,18659000,2023-05-30T14:41:46Z
AAPL,177.06,,300,177.05,300,18659568,2023-05-30T14:41:47Z
AAPL,,,400,,200,18659846,
AAPL,177.0565,177.06,100,,100,18662143,2023-05-30T14:41:48Z
AAPL,177.064,177.07,300,177.06,200,18664269,2023-05-30T14:41:50Z
AAPL,177.065,,200,,400,18664434,2023-05-30T14:41:51Z
AAPL,177.1,177.1,500,177.09,,18670840,2023-05-30T14:41:52Z
AAPL,177.09,,100,177.08,500,18671704,2023-05-30T14:41:53Z
AAPL,177.0897,177.09,200,,100,18672316,2023-05-30T14:41:54Z
AAPL,177.08,177.08,500,177.07,300,18673392,2023-05-30T14:41:55Z
AAPL,177.075,177.07,100,177.06,,18676857,2023-05-30T14:41:56Z
AAPL,177.065,,300,,400,18677570,2023-05-30T14:41:57Z
AAPL,177.075,177.09,100,177.08,300,18681491,2023-05-30T14:41:58Z
AAPL,177.0955,177.1,1300,177.09,100,18682562,2023-05-30T14:41:59Z
AAPL,177.095,,100,,300,18683140,2023-05-30T14:42:00Z
AAPL,177.1,177.11,900,177.1,100,18685570,2023-05-30T14:42:01Z
AAPL,177.0999,177.1,100,177.09,300,18686147,2023-05-30T14:42:02Z
AAPL,177.1,,,,,18686364,
AAPL,177.11,177.11,800,177.1,400,18688751,2023-05-30T14:42:04Z
AAPL,,177.12,500,177.11,300,18691092,2023-05-30T14:42:05Z
AAPL,177.13,177.14,300,177.12,400,18694213,2023-05-30T14:42:06Z
AAPL,177.14,,100,,900,18697033,2023-05-30T14:42:07Z
AAPL,,,200,177.13,300,18697647,2023-05-30T14:42:08Z
AAPL,177.13,177.13,400,177.12,100,18699378,2023-05-30T14:42:09Z
AAPL,177.12,177.12,700,177.11,200,18702296,2023-05-30T14:42:10Z
AAPL,177.11,177.11,300,177.1,,18703192,2023-05-30T14:42:11Z
AAPL,177.0801,,500,177.09,100,18705063,2023-05-30T14:42:12Z
AAPL,177.101,177.12,300,177.11,,18707312,2023-05-30T14:42:13Z
AAPL,177.1004,,400,177.1,1000,18707499,2023-05-30T14:42:14Z
AAPL,177.13,177.14,300,177.12,600,18710951,2023-05-30T14:42:15Z
AAPL,177.1672,177.16,100,177.15,200,18712855,2023-05-30T14:42:16Z
AAPL,177.169,177.18,500,177.16,,18713306,2023-05-30T14:42:17Z
AAPL,177.17,,,,400,18713912,2023-05-30T14:42:18Z
AAPL,,177.17,100,,200,18714678,2023-05-30T14:42:19Z
AAPL,177.18,177.18,1000,,600,18716580,2023-05-30T14:42:20Z
AAPL,177.1489,177.16,600,177.14,800,18722987,2023-05-30T14:42:21Z
AAPL,177.15,,100,177.15,200,18723763,
AAPL,177.145,,600,,,18724687,2023-05-30T14:42:23Z
AAPL,177.1699,,200,,100,18727648,
AAPL,177.16,,100,,,18729034,2023-05-30T14:42:25Z
AAPL,177.15,177.17,600,,200,18731940,2023-05-30T14:42:26Z
