Symbol,Last,Ask,AskSize,Bid,BidSize,Volume,TradeTime
GOOGL,122.8994,122.9,200,122.89,200,10527558,2023-05-30T14:12:41Z
GOOGL,122.89,122.89,,122.88,500,10528266,2023-05-30T14:12:42Z
GOOGL,122.9,122.91,,122.9,100,10529343,2023-05-30T14:12:43Z
GOOGL,122.865,122.87,100,122.86,,10531663,2023-05-30T14:12:44Z
GOOGL,122.86,,300,,,10532844,2023-05-30T14:12:45Z
GOOGL,,122.86,100,122.85,,10534595,2023-05-30T14:12:46Z
GOOGL,122.87,122.89,500,122.88,,10535625,2023-05-30T14:12:47Z
GOOGL,122.872,,400,122.87,200,10535855,2023-05-30T14:12:48Z
GOOGL,122.87,,300,122.88,100,10537241,2023-05-30T14:12:49Z
GOOGL,122.88,122.88,200,122.87,,10539410,2023-05-30T14:12:50Z
GOOGL,122.87,,,,200,10540283,2023-05-30T14:12:51Z
GOOGL,122.88,122.89,,122.88,,10540788,2023-05-30T14:12:52Z
GOOGL,122.89,122.91,300,122.89,500,10542355,2023-05-30T14:12:53Z
GOOGL,,122.9,,,200,10542390,
GOOGL,,122.89,,122.88,100,10542710,2023-05-30T14:12:55Z
GOOGL,,,400,,,10542728,
GOOGL,,,,,,10542738,
GOOGL,122.885,,,,,10543189,2023-05-30T14:12:58Z
GOOGL,122.88,,,,,10544786,2023-05-30T14:12:59Z
GOOGL,122.92,122.93,200,122.92,200,10548464,2023-05-30T14:13:00Z
GOOGL,122.97,122.97,500,122.96,100,10551458,2023-05-30T14:13:01Z
GOOGL,122.94,122.96,300,122.94,,10552045,2023-05-30T14:13:02Z
GOOGL,122.96,122.98,,122.97,,10552409,2023-05-30T14:13:03Z
GOOGL,123,123,400,122.99,,10555626,2023-05-30T14:13:04Z
GOOGL,122.985,122.99,200,122.98,,10556900,2023-05-30T14:13:05Z
GOOGL,122.95,122.96,100,122.95,,10557280,2023-05-30T14:13:06Z
GOOGL,122.97,122.99,200,122.98,200,10557542,2023-05-30T14:13:07Z
GOOGL,122.98,,100,,300,10558320,2023-05-30T14:13:08Z
GOOGL,,,,,100,10558339,
GOOGL,122.96,122.97,300,122.96,,10559682,2023-05-30T14:13:10Z
GOOGL,122.965,,500,,,10560398,2023-05-30T14:13:11Z
GOOGL,122.96,,400,122.95,400,10560967,2023-05-30T14:13:12Z
GOOGL,122.9699,122.96,300,,600,10561098,2023-05-30T14:13:13Z
GOOGL,122.95,122.95,100,122.94,300,10562442,2023-05-30T14:13:14Z
GOOGL,,122.96,2200,,,10563066,2023-05-30T14:13:15Z
GOOGL,,122.95,200,,,10563129,
GOOGL,122.94,122.94,100,122.93,200,10564854,2023-05-30T14:13:17Z
GOOGL,122.945,122.93,200,122.92,,10565494,2023-05-30T14:13:18Z
GOOGL,122.93,122.94,100,122.93,,10565918,2023-05-30T14:13:19Z
GOOGL,122.94,122.95,200,122.94,,10570083,2023-05-30T14:13:20Z
GOOGL,,,,,,10571390,2023-05-30T14:13:21Z
GOOGL,122.98,122.99,100,122.98,500,10575996,2023-05-30T14:13:22Z
GOOGL,122.99,,200,,300,10580908,2023-05-30T14:13:23Z
GOOGL,122.98,122.98,,122.97,100,10582733,2023-05-30T14:13:24Z
GOOGL,122.97,,,,,10582967,2023-05-30T14:13:25Z
GOOGL,122.98,122.99,100,122.98,300,10584152,2023-05-30T14:13:26Z
GOOGL,122.99,123,500,,,10587373,2023-05-30T14:13:27Z
GOOGL,,,300,122.99,,10591059,2023-05-30T14:13:28Z
GOOGL,122.975,122.98,100,122.97,200,10592867,2023-05-30T14:13:29Z
GOOGL,122.96,122.97,,122.96,300,10593275,2023-05-30T14:13:30Z
GOOGL,122.97,122.98,200,122.97,200,10593493,2023-05-30T14:13:31Z
GOOGL,122.995,122.99,300,122.98,100,10595027,2023-05-30T14:13:32Z
GOOGL,122.975,122.98,200,122.97,300,10595356,2023-05-30T14:13:33Z
GOOGL,122.98,122.99,,122.98,,10595487,2023-05-30T14:13:34Z
GOOGL,122.9829,,300,,100,10595631,2023-05-30T14:13:35Z
GOOGL,122.985,,200,,200,10596096,2023-05-30T14:13:36Z
GOOGL,,,,,300,10596152,
GOOGL,122.9808,,300,,200,10596790,2023-05-30T14:13:38Z
GOOGL,,,200,,,10597036,
GOOGL,122.98,122.98,100,122.97,300,10597965,2023-05-30T14:13:40Z
GOOGL,122.99,122.99,200,,1000,10599412,2023-05-30T14:13:41Z
GOOGL,122.9799,122.98,100,,400,10599898,2023-05-30T14:13:42Z
GOOGL,,,,,,10599909,
GOOGL,,,,,,10599922,
GOOGL,122.985,122.99,500,,800,10600410,2023-05-30T14:13:45Z
GOOGL,122.99,,100,122.98,300,10601765,2023-05-30T14:13:46Z
GOOGL,,,200,,,10601872,
GOOGL,123,123,,122.99,1300,10605477,2023-05-30T14:13:48Z
GOOGL,,,,,1000,10606361,2023-05-30T14:13:49Z
GOOGL,,,300,,,10608231,2023-05-30T14:13:50Z
GOOGL,122.9977,,,,,10609189,
GOOGL,,,,,,10609365,
GOOGL,122.995,,,,300,10615697,2023-05-30T14:13:53Z
GOOGL,,,400,,500,10617148,2023-05-30T14:13:54Z
GOOGL,,,,,,10617159,
GOOGL,,,300,,,10617160,
GOOGL,122.99,,400,,600,10625199,2023-05-30T14:13:57Z
GOOGL,123,,300,,,10631214,2023-05-30T14:13:58Z
GOOGL,,,200,,800,10632504,2023-05-30T14:13:59Z
GOOGL,,,300,,600,10634670,2023-05-30T14:14:00Z
GOOGL,,,,,,10634672,
GOOGL,122.995,,,,,10635424,2023-05-30T14:14:02Z
GOOGL,122.94,122.95,500,122.94,100,10641061,2023-05-30T14:14:03Z
GOOGL,122.92,122.92,200,122.91,200,10641780,2023-05-30T14:14:04Z
GOOGL,,,300,,300,10641821,
GOOGL,122.91,122.91,200,122.9,,10642942,2023-05-30T14:14:06Z
GOOGL,122.92,122.93,,122.92,100,10645142,2023-05-30T14:14:07Z
GOOGL,122.945,122.95,100,122.94,200,10648206,2023-05-30T14:14:08Z
GOOGL,122.94,,300,,100,10648360,2023-05-30T14:14:09Z
GOOGL,122.9092,122.91,200,122.9,200,10649552,2023-05-30T14:14:10Z
GOOGL,,,,,,10649638,
GOOGL,,,300,,,10649651,
GOOGL,122.91,,,,300,10649801,2023-05-30T14:14:12Z
GOOGL,,122.92,100,122.91,,10650737,2023-05-30T14:14:14Z
GOOGL,122.95,122.96,300,122.95,200,10652281,2023-05-30T14:14:15Z
GOOGL,122.945,122.95,200,122.94,100,10654336,2023-05-30T14:14:16Z
GOOGL,122.94,,,,,10654645,2023-05-30T14:14:17Z
GOOGL,122.93,122.94,,122.92,300,10658467,2023-05-30T14:14:18Z
GOOGL,122.935,,400,122.93,100,10658607,2023-05-30T14:14:19Z
GOOGL,122.905,122.92,300,122.9,300,10660251,2023-05-30T14:14:20Z
GOOGL,122.91,,200,122.91,100,10660496,2023-05-30T14:14:21Z
GOOGL,122.93,,100,,200,10661412,2023-05-30T14:14:22Z
GOOGL,122.92,122.93,400,,,10661540,2023-05-30T14:14:23Z
GOOGL,122.93,122.94,300,122.92,500,10662349,2023-05-30T14:14:24Z
GOOGL,122.92,122.92,100,122.91,100,10662846,2023-05-30T14:14:25Z
GOOGL,122.915,,,,,10662998,2023-05-30T14:14:26Z
GOOGL,122.92,122.93,500,,200,10663801,2023-05-30T14:14:27Z
GOOGL,,122.92,200,,100,10663976,2023-05-30T14:14:28Z
GOOGL,122.915,,100,,200,10664900,2023-05-30T14:14:29Z
GOOGL,122.93,122.94,200,122.93,,10665189,2023-05-30T14:14:30Z
GOOGL,122.92,122.93,,122.92,,10665786,2023-05-30T14:14:31Z
GOOGL,,,300,,,10665799,
GOOGL,,,,,,10665930,
GOOGL,122.9018,122.91,200,122.9,,10670077,2023-05-30T14:14:34Z
GOOGL,122.885,,300,122.89,300,10672368,2023-05-30T14:14:35Z
GOOGL,122.9069,,200,122.9,100,10673263,2023-05-30T14:14:36Z
GOOGL,122.93,122.94,300,122.93,200,10676303,2023-05-30T14:14:37Z
GOOGL,122.94,122.95,400,122.94,100,10676908,
GOOGL,122.93,122.93,700,122.91,,10678518,2023-05-30T14:14:39Z
GOOGL,122.925,,100,122.92,200,10678798,2023-05-30T14:14:40Z
GOOGL,,,300,,,10678936,2023-05-30T14:14:41Z
GOOGL,122.93,,100,,,10679570,2023-05-30T14:14:42Z
GOOGL,122.91,122.91,600,122.9,,10681296,2023-05-30T14:14:43Z
GOOGL,122.905,,300,,300,10682828,2023-05-30T14:14:44Z
GOOGL,122.9014,,400,,,10683292,2023-05-30T14:14:45Z
GOOGL,122.86,122.87,100,122.86,700,10686139,2023-05-30T14:14:46Z
GOOGL,122.87,,300,,100,10686764,2023-05-30T14:14:47Z
GOOGL,122.8656,,200,,300,10690303,2023-05-30T14:14:48Z
GOOGL,122.85,122.86,,122.85,100,10692689,2023-05-30T14:14:50Z
GOOGL,,,,,300,10692724,
GOOGL,122.83,122.84,,122.83,,10697323,2023-05-30T14:14:52Z
GOOGL,122.85,122.86,500,122.84,500,10697996,2023-05-30T14:14:53Z
GOOGL,122.82,122.82,200,122.81,100,10700292,2023-05-30T14:14:54Z
GOOGL,122.81,,300,,,10700766,2023-05-30T14:14:55Z
GOOGL,,,400,,200,10700775,
GOOGL,,122.81,500,122.8,1200,10700890,
GOOGL,122.78,122.78,300,122.77,300,10710545,2023-05-30T14:14:58Z
GOOGL,122.775,,100,,,10711494,2023-05-30T14:14:59Z
GOOGL,122.79,122.8,2100,122.78,200,10712528,2023-05-30T14:15:00Z
GOOGL,,122.78,100,122.77,300,10713536,2023-05-30T14:15:01Z
GOOGL,122.7801,122.79,300,122.78,200,10713955,2023-05-30T14:15:02Z
GOOGL,122.77,122.78,400,122.77,300,10717335,2023-05-30T14:15:03Z
GOOGL,122.79,122.79,200,,700,10721109,2023-05-30T14:15:04Z
GOOGL,122.78,,300,122.78,100,10721945,2023-05-30T14:15:05Z
GOOGL,,,200,,200,10722130,2023-05-30T14:15:06Z
GOOGL,,,300,122.77,1100,10722864,2023-05-30T14:15:07Z
GOOGL,122.785,,200,,1500,10723251,2023-05-30T14:15:08Z
GOOGL,122.78,122.78,,,400,10723623,2023-05-30T14:15:09Z
GOOGL,122.69,122.71,600,122.69,,10728870,2023-05-30T14:15:10Z
GOOGL,122.7101,122.73,400,122.71,200,10731080,2023-05-30T14:15:11Z
GOOGL,122.69,122.7,200,122.69,100,10733650,2023-05-30T14:15:12Z
GOOGL,122.65,122.65,100,122.64,800,10735507,2023-05-30T14:15:13Z
GOOGL,,,1300,,700,10735578,
GOOGL,122.63,122.62,300,122.61,200,10737474,2023-05-30T14:15:15Z
GOOGL,122.605,122.61,1300,122.6,300,10741825,2023-05-30T14:15:16Z
GOOGL,122.615,,1200,,200,10742181,2023-05-30T14:15:17Z
GOOGL,122.595,122.6,1100,122.59,,10743214,2023-05-30T14:15:18Z
GOOGL,,,,122.58,300,10744727,2023-05-30T14:15:19Z
GOOGL,,122.59,1500,122.57,400,10744874,
GOOGL,122.6046,122.61,300,122.6,200,10748585,2023-05-30T14:15:21Z
GOOGL,122.605,,,,300,10748754,2023-05-30T14:15:22Z
GOOGL,122.64,122.66,200,122.65,200,10751696,2023-05-30T14:15:23Z
GOOGL,122.72,122.73,400,122.72,,10754921,2023-05-30T14:15:24Z
GOOGL,,,100,,300,10755821,2023-05-30T14:15:25Z
GOOGL,122.76,122.77,200,122.76,200,10757105,2023-05-30T14:15:26Z
GOOGL,122.75,122.75,,122.74,300,10759243,2023-05-30T14:15:27Z
GOOGL,,,100,,200,10759683,
GOOGL,122.74,,,,,10763569,2023-05-30T14:15:29Z
GOOGL,,,,,100,10763701,2023-05-30T14:15:30Z
GOOGL,122.7499,,,,200,10764920,
GOOGL,122.71,,200,122.73,300,10766156,2023-05-30T14:15:32Z
GOOGL,,122.74,100,,200,10766202,
GOOGL,122.738,,200,,,10766644,2023-05-30T14:15:34Z
GOOGL,,,,,,10766712,
GOOGL,122.737,,400,,400,10767181,2023-05-30T14:15:36Z
GOOGL,122.73,122.73,100,122.72,200,10769500,2023-05-30T14:15:37Z
GOOGL,,122.74,500,122.73,500,10769732,2023-05-30T14:15:38Z
GOOGL,122.7267,122.73,100,122.72,300,10770505,2023-05-30T14:15:39Z
GOOGL,122.73,122.74,200,,200,10772672,2023-05-30T14:15:40Z
GOOGL,122.725,122.73,400,,,10774330,2023-05-30T14:15:41Z
GOOGL,,,200,,,10774352,
GOOGL,122.73,,300,,,10774560,2023-05-30T14:15:43Z
GOOGL,122.7,122.69,600,122.68,,10775891,2023-05-30T14:15:44Z
GOOGL,,122.71,200,122.7,300,10777004,2023-05-30T14:15:45Z
GOOGL,122.69,122.69,400,122.67,,10778513,2023-05-30T14:15:46Z
GOOGL,122.67,122.68,200,,100,10780134,2023-05-30T14:15:47Z
GOOGL,122.68,,,,200,10781215,2023-05-30T14:15:48Z
GOOGL,,,,,300,10781230,
GOOGL,122.65,122.66,,122.64,200,10782729,2023-05-30T14:15:50Z
GOOGL,122.6761,122.68,100,122.67,300,10783681,2023-05-30T14:15:51Z
GOOGL,122.675,,200,,,10783806,2023-05-30T14:15:52Z
GOOGL,122.68,,,,500,10784390,
GOOGL,122.7,122.7,400,122.69,400,10789246,2023-05-30T14:15:54Z
GOOGL,122.6942,,,,,10789509,2023-05-30T14:15:55Z
GOOGL,122.67,122.66,100,122.65,200,10795809,2023-05-30T14:15:56Z
GOOGL,122.66,122.69,300,122.68,100,10796214,2023-05-30T14:15:57Z
GOOGL,122.67,122.67,200,122.66,200,10796873,2023-05-30T14:15:58Z
GOOGL,,,,,,10796900,
GOOGL,,122.69,700,122.67,300,10797294,2023-05-30T14:16:00Z
GOOGL,122.68,,500,122.68,100,10798590,2023-05-30T14:16:02Z
GOOGL,122.71,122.73,100,122.72,200,10800176,2023-05-30T14:16:03Z
GOOGL,122.74,122.75,,122.74,,10801059,2023-05-30T14:16:04Z
GOOGL,122.76,122.73,200,122.72,100,10801864,2023-05-30T14:16:05Z
GOOGL,122.73,122.76,,122.75,200,10802309,2023-05-30T14:16:06Z
GOOGL,,,100,,,10802326,
GOOGL,122.76,122.77,200,122.76,,10803603,2023-05-30T14:16:08Z
GOOGL,122.75,122.76,,122.75,,10805863,2023-05-30T14:16:09Z
GOOGL,,122.77,400,,300,10807316,2023-05-30T14:16:10Z
GOOGL,122.77,,,,200,10807825,2023-05-30T14:16:11Z
GOOGL,122.705,122.71,,122.7,100,10812206,2023-05-30T14:16:12Z
GOOGL,122.7,,700,122.69,,10813469,2023-05-30T14:16:13Z
GOOGL,122.695,122.7,100,,200,10813633,2023-05-30T14:16:14Z
GOOGL,122.72,122.74,200,122.72,300,10816707,2023-05-30T14:16:15Z
GOOGL,122.73,122.73,,122.71,200,10816834,2023-05-30T14:16:16Z
GOOGL,122.72,122.74,100,122.72,,10816951,2023-05-30T14:16:17Z
GOOGL,,122.73,,,,10817003,
GOOGL,122.7615,122.77,300,122.76,,10818306,2023-05-30T14:16:19Z
GOOGL,122.765,,100,,300,10820069,2023-05-30T14:16:20Z
GOOGL,122.77,122.78,400,,,10820455,2023-05-30T14:16:21Z
GOOGL,122.76,122.77,100,,200,10821543,2023-05-30T14:16:22Z
GOOGL,,,200,,,10821775,2023-05-30T14:16:23Z
GOOGL,122.7693,122.78,100,122.77,,10823243,2023-05-30T14:16:24Z
GOOGL,122.77,122.77,,122.76,300,10823494,2023-05-30T14:16:25Z
GOOGL,122.72,122.73,200,122.72,100,10825984,2023-05-30T14:16:26Z
GOOGL,122.73,,,,,10827327,2023-05-30T14:16:27Z
GOOGL,122.76,122.77,400,122.76,,10838290,2023-05-30T14:16:28Z
GOOGL,122.77,,300,,200,10838825,2023-05-30T14:16:29Z
GOOGL,122.765,122.76,100,122.75,500,10839756,2023-05-30T14:16:30Z
GOOGL,122.785,122.8,200,122.79,300,10841727,2023-05-30T14:16:31Z
GOOGL,122.79,122.81,,,500,10842980,2023-05-30T14:16:32Z
GOOGL,122.82,122.83,100,122.82,200,10844013,2023-05-30T14:16:33Z
GOOGL,122.825,122.82,400,122.81,400,10844624,2023-05-30T14:16:34Z
GOOGL,122.82,122.83,200,122.82,100,10845691,2023-05-30T14:16:35Z
GOOGL,122.835,122.84,100,122.83,200,10846153,2023-05-30T14:16:36Z
GOOGL,122.85,122.85,,122.84,100,10847435,2023-05-30T14:16:37Z
GOOGL,122.8699,122.87,200,122.86,,10848040,2023-05-30T14:16:38Z
GOOGL,122.86,122.86,300,122.85,,10848382,2023-05-30T14:16:39Z
GOOGL,,122.87,400,122.86,200,10849565,2023-05-30T14:16:40Z
GOOGL,122.84,122.84,100,122.83,,10851154,2023-05-30T14:16:41Z
GOOGL,122.795,122.8,200,122.79,,10854913,2023-05-30T14:16:43Z
GOOGL,,,,,,10854981,
GOOGL,122.8,,,,,10856415,2023-05-30T14:16:44Z
GOOGL,122.795,,100,,,10857294,2023-05-30T14:16:45Z
GOOGL,,,,,300,10857870,2023-05-30T14:16:46Z
GOOGL,122.7972,,,,,10858653,2023-05-30T14:16:47Z
GOOGL,122.79,122.79,300,122.78,100,10859555,2023-05-30T14:16:48Z
GOOGL,,122.8,400,,300,10859680,
GOOGL,122.81,122.81,,122.8,200,10860424,2023-05-30T14:16:50Z
GOOGL,122.805,,500,,100,10861024,2023-05-30T14:16:51Z
GOOGL,122.8,,,,200,10862151,2023-05-30T14:16:52Z
GOOGL,,122.8,200,122.79,,10862689,2023-05-30T14:16:53Z
GOOGL,122.795,,,,300,10863022,2023-05-30T14:16:54Z
GOOGL,122.8,122.81,400,122.8,,10863392,2023-05-30T14:16:55Z
GOOGL,,,,,200,10863594,
GOOGL,122.805,,,,300,10864138,2023-05-30T14:16:57Z
GOOGL,122.8299,122.83,300,122.82,,10866015,2023-05-30T14:16:58Z
GOOGL,122.83,,500,,200,10868237,2023-05-30T14:16:59Z
GOOGL,122.82,,300,,300,10870003,2023-05-30T14:17:00Z
GOOGL,,,200,,,10870108,
GOOGL,122.81,122.82,400,122.8,500,10871104,2023-05-30T14:17:02Z
GOOGL,122.815,,200,122.81,200,10871779,2023-05-30T14:17:03Z
GOOGL,122.81,,,,100,10872100,2023-05-30T14:17:04Z
GOOGL,,,,122.8,500,10872983,2023-05-30T14:17:05Z
GOOGL,,122.83,,122.82,400,10873705,2023-05-30T14:17:06Z
GOOGL,122.8046,122.81,400,122.8,300,10875153,2023-05-30T14:17:07Z
GOOGL,122.805,,,,200,10875284,2023-05-30T14:17:08Z
GOOGL,122.83,122.83,,122.82,,10878420,2023-05-30T14:17:09Z
GOOGL,122.815,122.82,200,122.81,,10879138,2023-05-30T14:17:10Z
GOOGL,122.8124,,300,,100,10879979,2023-05-30T14:17:11Z
GOOGL,122.8,122.81,200,122.8,200,10880438,2023-05-30T14:17:12Z
GOOGL,122.805,,,,,10881518,2023-05-30T14:17:13Z
GOOGL,122.81,122.82,400,,,10881906,2023-05-30T14:17:14Z
GOOGL,,122.81,100,,300,10882576,2023-05-30T14:17:15Z
GOOGL,122.805,,400,,200,10883736,2023-05-30T14:17:16Z
GOOGL,122.8,,,,300,10885340,2023-05-30T14:17:17Z
GOOGL,,122.8,100,122.79,,10885795,
GOOGL,122.74,122.75,700,122.73,400,10889938,2023-05-30T14:17:19Z
GOOGL,,122.74,500,,300,10889949,
GOOGL,,122.75,300,122.74,,10895544,2023-05-30T14:17:21Z
GOOGL,,122.74,400,122.73,,10896029,2023-05-30T14:17:22Z
GOOGL,122.735,,300,,,10896267,2023-05-30T14:17:23Z
GOOGL,122.725,122.73,500,122.72,200,10899111,2023-05-30T14:17:24Z
GOOGL,122.715,122.72,300,122.71,400,10899571,2023-05-30T14:17:25Z
GOOGL,122.71,122.7,400,122.68,600,10900293,2023-05-30T14:17:26Z
GOOGL,122.67,122.68,300,122.67,200,10901247,2023-05-30T14:17:27Z
GOOGL,122.6713,,,,,10902464,2023-05-30T14:17:28Z
GOOGL,122.67,122.67,200,122.66,100,10903076,2023-05-30T14:17:29Z
GOOGL,122.64,122.64,700,122.63,,10904890,2023-05-30T14:17:30Z
GOOGL,122.615,122.61,300,122.6,1600,10905789,2023-05-30T14:17:31Z
GOOGL,122.64,122.64,500,122.63,300,10908148,2023-05-30T14:17:32Z
GOOGL,122.6,122.6,200,122.59,200,10913331,2023-05-30T14:17:33Z
GOOGL,,,300,,100,10913537,
GOOGL,,,,,200,10913551,
GOOGL,122.63,122.64,200,122.63,100,10915535,2023-05-30T14:17:36Z
GOOGL,122.64,,100,,,10918258,2023-05-30T14:17:37Z
GOOGL,122.62,122.63,,122.62,,10918450,2023-05-30T14:17:38Z
GOOGL,122.64,122.65,200,122.64,200,10919185,2023-05-30T14:17:39Z
GOOGL,122.65,122.66,,122.65,,10919676,2023-05-30T14:17:40Z
GOOGL,,,100,,,10919835,2023-05-30T14:17:41Z
GOOGL,122.675,122.69,400,122.67,1200,10924398,2023-05-30T14:17:42Z
GOOGL,122.6722,122.68,100,,300,10924890,2023-05-30T14:17:43Z
GOOGL,,,,,,10924893,
GOOGL,,,200,,,10924977,
GOOGL,122.6829,122.69,,122.68,200,10925595,2023-05-30T14:17:46Z
GOOGL,122.71,122.71,,122.7,300,10926500,2023-05-30T14:17:47Z
GOOGL,122.74,122.74,,122.73,400,10927358,2023-05-30T14:17:48Z
GOOGL,122.725,122.73,300,122.72,300,10928514,2023-05-30T14:17:49Z
GOOGL,122.695,122.7,200,122.69,200,10930846,2023-05-30T14:17:50Z
GOOGL,122.7,122.71,,,400,10931664,2023-05-30T14:17:51Z
GOOGL,,,,,300,10932354,2023-05-30T14:17:52Z
GOOGL,,,,122.7,,10932437,
GOOGL,122.715,122.72,300,122.71,,10934437,2023-05-30T14:17:55Z
GOOGL,,,,,,10934442,
GOOGL,122.725,,100,,200,10935966,2023-05-30T14:17:56Z
GOOGL,122.715,122.71,200,122.7,400,10936918,2023-05-30T14:17:57Z
GOOGL,122.705,,300,,300,10937030,2023-05-30T14:17:58Z
GOOGL,122.72,122.73,1700,122.72,400,10938334,2023-05-30T14:17:59Z
GOOGL,122.75,122.76,200,122.75,200,10940701,2023-05-30T14:18:00Z
GOOGL,122.761,122.77,400,122.76,100,10946105,2023-05-30T14:18:01Z
GOOGL,122.7625,,,,300,10946265,2023-05-30T14:18:02Z
GOOGL,122.73,122.73,,122.72,100,10951984,2023-05-30T14:18:03Z
GOOGL,122.705,122.7,200,122.68,300,10954486,2023-05-30T14:18:04Z
GOOGL,122.7,122.71,300,122.7,100,10955840,2023-05-30T14:18:05Z
GOOGL,122.75,122.77,200,122.76,,10958568,2023-05-30T14:18:06Z
GOOGL,122.78,122.79,,122.77,500,10961345,2023-05-30T14:18:07Z
GOOGL,122.77,122.77,300,122.76,100,10964031,2023-05-30T14:18:08Z
GOOGL,122.75,122.75,100,122.74,,10966910,2023-05-30T14:18:09Z
GOOGL,122.78,122.78,200,122.77,,10967854,2023-05-30T14:18:10Z
GOOGL,,122.79,300,,300,10968730,2023-05-30T14:18:11Z
GOOGL,122.7901,122.8,200,122.79,400,10970643,2023-05-30T14:18:12Z
GOOGL,122.795,,100,,200,10970798,2023-05-30T14:18:13Z
GOOGL,,122.79,,122.78,,10970815,
GOOGL,122.76,122.76,200,122.75,,10972084,2023-05-30T14:18:15Z
GOOGL,122.755,122.78,100,122.77,300,10973172,2023-05-30T14:18:16Z
GOOGL,122.795,122.8,200,122.78,500,10975547,2023-05-30T14:18:17Z
GOOGL,122.7919,,,122.79,400,10975667,2023-05-30T14:18:18Z
GOOGL,122.82,122.82,300,122.81,200,10979655,2023-05-30T14:18:19Z
GOOGL,122.79,122.79,100,122.78,,10981562,2023-05-30T14:18:20Z
GOOGL,122.775,122.78,,122.77,100,10981845,2023-05-30T14:18:21Z
GOOGL,122.7719,,,,900,10984071,2023-05-30T14:18:22Z
GOOGL,122.785,122.79,,122.78,200,10984388,2023-05-30T14:18:23Z
GOOGL,,,,,,10984597,2023-05-30T14:18:24Z
GOOGL,122.79,,200,,100,10987363,2023-05-30T14:18:27Z
GOOGL,122.77,122.77,300,122.76,,10989406,2023-05-30T14:18:28Z
GOOGL,,122.78,200,122.77,,10996585,2023-05-30T14:18:29Z
GOOGL,122.7744,,100,,300,10996865,2023-05-30T14:18:30Z
GOOGL,122.77,,200,,100,10997554,2023-05-30T14:18:31Z
GOOGL,122.79,122.8,,122.79,200,10998226,2023-05-30T14:18:32Z
GOOGL,122.78,122.79,100,122.78,300,10998785,
GOOGL,122.79,122.8,500,122.79,,10999891,2023-05-30T14:18:34Z
GOOGL,122.7975,,600,,,11000185,2023-05-30T14:18:35Z
GOOGL,122.79,122.79,100,122.78,,11001919,
GOOGL,122.775,122.77,600,122.76,200,11009210,2023-05-30T14:18:37Z
GOOGL,122.765,,500,,,11009714,2023-05-30T14:18:38Z
GOOGL,122.77,122.78,100,122.77,100,11010127,2023-05-30T14:18:39Z
GOOGL,122.785,122.79,900,122.78,,11011312,2023-05-30T14:18:40Z
GOOGL,122.7764,122.78,100,122.77,200,11011742,2023-05-30T14:18:41Z
GOOGL,122.775,122.82,200,122.8,1100,11013333,2023-05-30T14:18:42Z
GOOGL,122.81,,500,,500,11014633,2023-05-30T14:18:43Z
GOOGL,,,200,122.81,100,11015110,2023-05-30T14:18:44Z
GOOGL,122.855,122.86,,122.85,400,11018397,2023-05-30T14:18:45Z
GOOGL,122.8525,122.85,100,122.84,200,11022736,
GOOGL,122.845,,,,100,11024251,2023-05-30T14:18:47Z
GOOGL,122.85,,,,200,11024919,
GOOGL,122.8025,122.81,300,122.79,,11047139,2023-05-30T14:18:49Z
GOOGL,122.8225,122.8,100,,100,11052637,2023-05-30T14:18:50Z
GOOGL,122.78,122.79,400,122.77,600,11054508,2023-05-30T14:18:51Z
GOOGL,122.785,122.81,100,122.8,200,11054943,
GOOGL,,122.79,,122.78,700,11055317,
GOOGL,,,200,,200,11055803,2023-05-30T14:18:54Z
GOOGL,,,,,,11055960,
GOOGL,122.77,122.78,300,122.76,600,11058032,2023-05-30T14:18:56Z
GOOGL,,122.77,100,,300,11058095,
GOOGL,122.79,122.8,300,122.79,100,11059647,2023-05-30T14:18:58Z
GOOGL,122.785,122.79,400,122.78,,11060016,2023-05-30T14:18:59Z
GOOGL,122.78,,300,122.77,900,11060655,2023-05-30T14:19:00Z
GOOGL,122.79,,200,122.78,100,11062503,2023-05-30T14:19:01Z
GOOGL,122.8,122.81,100,122.79,300,11063270,2023-05-30T14:19:02Z
GOOGL,122.79,122.8,200,,200,11065104,2023-05-30T14:19:03Z
GOOGL,122.8,122.79,,122.78,100,11067221,2023-05-30T14:19:04Z
GOOGL,122.785,,,,,11067333,2023-05-30T14:19:05Z
GOOGL,,,,,,11068860,2023-05-30T14:19:06Z
GOOGL,,,100,,200,11070746,
GOOGL,122.79,,300,122.77,800,11071166,2023-05-30T14:19:07Z
GOOGL,122.77,122.77,200,122.76,300,11072720,2023-05-30T14:19:09Z
GOOGL,122.765,,,,400,11073244,2023-05-30T14:19:11Z
GOOGL,122.785,122.79,,122.78,300,11074177,2023-05-30T14:19:12Z
GOOGL,122.76,122.76,100,122.75,500,11079922,2023-05-30T14:19:13Z
GOOGL,122.75,122.75,400,122.74,1000,11084106,2023-05-30T14:19:14Z
GOOGL,122.72,122.72,200,122.71,200,11085942,2023-05-30T14:19:15Z
GOOGL,122.725,122.73,100,122.72,,11086652,2023-05-30T14:19:16Z
GOOGL,122.73,122.74,,122.73,,11087123,2023-05-30T14:19:17Z
GOOGL,122.755,122.76,200,122.75,,11093792,2023-05-30T14:19:18Z
GOOGL,,,100,,,11094138,2023-05-30T14:19:19Z
GOOGL,122.72,122.72,200,122.71,100,11095745,2023-05-30T14:19:20Z
GOOGL,122.7,122.71,100,122.7,300,11096388,2023-05-30T14:19:21Z
GOOGL,122.71,,200,,200,11099066,2023-05-30T14:19:22Z
GOOGL,122.7,122.7,100,122.69,100,11101853,2023-05-30T14:19:23Z
GOOGL,,122.69,300,122.68,,11106262,2023-05-30T14:19:24Z
GOOGL,122.67,,500,122.67,200,11107525,2023-05-30T14:19:25Z
GOOGL,122.69,,200,122.68,,11109093,2023-05-30T14:19:26Z
GOOGL,,122.7,,122.69,100,11109258,
GOOGL,,,,,,11109370,2023-05-30T14:19:28Z
GOOGL,122.68,,100,,300,11112691,2023-05-30T14:19:29Z
GOOGL,122.7,,,,200,11114482,2023-05-30T14:19:30Z
GOOGL,122.68,122.68,300,122.67,100,11118617,2023-05-30T14:19:31Z
GOOGL,122.6799,,200,,200,11119038,2023-05-30T14:19:33Z
GOOGL,122.6993,122.7,100,122.69,,11122199,2023-05-30T14:19:34Z
GOOGL,122.6943,,200,,100,11122621,2023-05-30T14:19:36Z
GOOGL,122.6914,,100,,,11123203,
GOOGL,122.67,122.67,,122.66,,11124764,2023-05-30T14:19:37Z
GOOGL,122.665,,,,200,11125436,2023-05-30T14:19:38Z
GOOGL,,,300,,,11126341,2023-05-30T14:19:39Z
GOOGL,122.65,122.66,,122.64,,11129383,2023-05-30T14:19:40Z
GOOGL,122.645,122.62,,122.6,600,11131480,2023-05-30T14:19:41Z
GOOGL,122.62,,200,122.61,100,11134226,2023-05-30T14:19:42Z
GOOGL,,,100,,500,11135532,2023-05-30T14:19:43Z
GOOGL,,,500,122.6,600,11138992,2023-05-30T14:19:44Z
GOOGL,122.61,,,,,11139766,2023-05-30T14:19:46Z
GOOGL,122.605,122.61,100,,,11140032,
GOOGL,122.68,122.71,400,122.69,400,11146182,2023-05-30T14:19:47Z
GOOGL,122.7,,300,122.7,100,11149787,2023-05-30T14:19:48Z
GOOGL,122.695,122.7,200,122.69,,11150311,2023-05-30T14:19:49Z
GOOGL,122.68,122.68,100,122.67,,11151360,2023-05-30T14:19:50Z
GOOGL,122.675,,,,600,11153088,2023-05-30T14:19:51Z
GOOGL,122.665,122.67,200,122.66,100,11154465,2023-05-30T14:19:52Z
GOOGL,122.64,122.65,400,122.64,,11156310,2023-05-30T14:19:54Z
GOOGL,122.645,122.66,200,122.65,,11166340,
GOOGL,122.655,,,,,11166551,2023-05-30T14:19:55Z
GOOGL,122.645,122.65,400,122.64,200,11167073,2023-05-30T14:19:56Z
GOOGL,122.635,122.64,200,122.63,300,11167682,2023-05-30T14:19:57Z
GOOGL,122.6317,,,,,11167927,2023-05-30T14:19:58Z
GOOGL,122.61,122.61,400,122.6,500,11170385,2023-05-30T14:19:59Z
GOOGL,122.57,122.58,,122.56,300,11174145,2023-05-30T14:20:00Z
GOOGL,122.54,122.53,300,122.52,500,11176156,2023-05-30T14:20:01Z
GOOGL,,122.55,200,122.54,300,11179321,2023-05-30T14:20:02Z
GOOGL,122.595,122.61,400,122.59,400,11181552,2023-05-30T14:20:03Z
GOOGL,122.61,122.62,200,122.61,100,11185437,2023-05-30T14:20:05Z
GOOGL,122.615,,,,,11185541,
GOOGL,,,300,,200,11188690,2023-05-30T14:20:06Z
GOOGL,122.61,122.61,100,122.6,100,11190541,2023-05-30T14:20:07Z
GOOGL,122.6,,200,,,11193161,2023-05-30T14:20:08Z
GOOGL,122.605,,100,,200,11199461,2023-05-30T14:20:09Z
GOOGL,122.615,122.62,500,122.61,,11200707,2023-05-30T14:20:10Z
GOOGL,122.66,122.67,100,122.66,500,11204740,2023-05-30T14:20:11Z
GOOGL,122.665,,200,,400,11205123,2023-05-30T14:20:12Z
GOOGL,122.67,122.7,100,122.69,200,11206615,2023-05-30T14:20:13Z
GOOGL,122.685,122.69,200,122.68,,11207322,2023-05-30T14:20:14Z
GOOGL,122.6896,,,,,11208081,2023-05-30T14:20:15Z
GOOGL,122.695,122.7,100,122.69,,11208565,2023-05-30T14:20:16Z
GOOGL,,,200,,,11208578,
GOOGL,122.685,122.69,100,122.68,,11209363,2023-05-30T14:20:18Z
GOOGL,122.675,122.68,300,122.67,100,11210201,2023-05-30T14:20:19Z
GOOGL,122.679,,200,,,11210309,2023-05-30T14:20:20Z
GOOGL,122.71,122.72,100,122.71,200,11212707,2023-05-30T14:20:22Z
GOOGL,122.715,,200,,100,11212872,
GOOGL,,,,,200,11213190,2023-05-30T14:20:23Z
GOOGL,122.705,122.71,300,122.7,100,11216646,2023-05-30T14:20:25Z
GOOGL,122.7075,122.73,100,122.72,200,11218272,
GOOGL,122.71,122.72,200,122.71,100,11221452,2023-05-30T14:20:26Z
GOOGL,122.74,122.76,400,122.74,300,11222474,2023-05-30T14:20:27Z
GOOGL,122.8,122.8,200,122.79,,11225205,2023-05-30T14:20:28Z
GOOGL,122.805,122.81,100,122.8,200,11227502,2023-05-30T14:20:30Z
GOOGL,122.825,122.84,,122.83,,11228317,
GOOGL,122.84,122.85,200,,400,11229697,2023-05-30T14:20:31Z
GOOGL,122.845,122.83,,122.82,200,11230206,2023-05-30T14:20:32Z
GOOGL,122.87,122.88,300,122.86,100,11231792,2023-05-30T14:20:33Z
GOOGL,,122.87,100,,200,11233002,2023-05-30T14:20:34Z
GOOGL,,122.88,,122.87,100,11233576,2023-05-30T14:20:35Z
GOOGL,122.91,122.92,200,122.9,500,11235562,2023-05-30T14:20:37Z
GOOGL,122.9,122.91,,,300,11251915,2023-05-30T14:20:38Z
GOOGL,122.92,122.93,,122.92,100,11256066,2023-05-30T14:20:39Z
GOOGL,122.89,122.89,400,122.88,,11258637,2023-05-30T14:20:40Z
GOOGL,122.88,122.88,200,122.87,200,11262158,2023-05-30T14:20:41Z
GOOGL,122.8917,122.9,,122.89,100,11263552,2023-05-30T14:20:43Z
GOOGL,122.9399,122.94,,122.93,500,11268946,
GOOGL,122.95,122.95,100,122.94,300,11270865,2023-05-30T14:20:44Z
GOOGL,122.97,122.97,300,122.96,,11272739,2023-05-30T14:20:45Z
GOOGL,,,,,400,11274058,2023-05-30T14:20:46Z
GOOGL,123,123,200,122.99,1000,11282954,2023-05-30T14:20:48Z
GOOGL,122.9999,,,,400,11298087,
GOOGL,122.985,122.99,300,122.98,200,11300861,2023-05-30T14:20:49Z
GOOGL,122.99,,100,,400,11306708,2023-05-30T14:20:50Z
GOOGL,,,,,,11306754,
GOOGL,123,123,500,122.99,100,11308506,2023-05-30T14:20:52Z
GOOGL,122.99,,,,500,11308819,2023-05-30T14:20:53Z
GOOGL,123,,200,,200,11315375,2023-05-30T14:20:54Z
GOOGL,122.99,,300,,,11317072,2023-05-30T14:20:55Z
GOOGL,123.055,123.06,200,123.05,,11323682,2023-05-30T14:20:56Z
GOOGL,123.08,123.09,700,123.08,100,11328155,2023-05-30T14:20:57Z
GOOGL,123.09,123.11,300,123.1,200,11329904,2023-05-30T14:20:58Z
GOOGL,123.1097,123.1,100,123.09,,11331456,2023-05-30T14:20:59Z
GOOGL,123.055,123.06,200,123.05,,11337131,2023-05-30T14:21:00Z
GOOGL,123.06,,300,,400,11338860,2023-05-30T14:21:01Z
GOOGL,123.0508,,200,,,11339705,2023-05-30T14:21:02Z
GOOGL,123.06,123.07,300,,,11341219,2023-05-30T14:21:03Z
GOOGL,123.059,123.06,100,,,11342029,2023-05-30T14:21:04Z
GOOGL,123.0557,,300,,300,11342820,2023-05-30T14:21:05Z
GOOGL,123.055,,,,,11343858,2023-05-30T14:21:06Z
GOOGL,123.05,123.05,200,123.04,100,11346270,2023-05-30T14:21:07Z
GOOGL,123.1001,123.11,100,123.1,300,11358162,2023-05-30T14:21:08Z
GOOGL,123.1211,123.12,,123.11,200,11359084,2023-05-30T14:21:09Z
GOOGL,123.13,123.14,500,123.12,400,11360989,2023-05-30T14:21:10Z
GOOGL,123.12,123.12,100,123.11,300,11362039,2023-05-30T14:21:11Z
GOOGL,123.1,123.11,300,123.09,,11363353,2023-05-30T14:21:12Z
GOOGL,123.11,123.12,200,123.11,400,11364584,2023-05-30T14:21:13Z
GOOGL,123.105,123.11,300,123.1,,11365282,2023-05-30T14:21:14Z
GOOGL,123.11,,200,,300,11367374,2023-05-30T14:21:15Z
GOOGL,123.0901,123.1,300,123.09,100,11369382,2023-05-30T14:21:16Z
GOOGL,123.05,123.04,400,123.03,,11371787,2023-05-30T14:21:17Z
GOOGL,123.07,123.07,100,123.06,200,11374600,2023-05-30T14:21:18Z
GOOGL,123.0682,,300,,,11377028,2023-05-30T14:21:19Z
GOOGL,123.0901,123.09,,123.08,300,11378970,2023-05-30T14:21:20Z
GOOGL,123.085,,500,,200,11379600,2023-05-30T14:21:21Z
GOOGL,123.09,123.11,200,123.1,,11381614,2023-05-30T14:21:22Z
GOOGL,123.11,123.13,,123.12,100,11382019,2023-05-30T14:21:23Z
GOOGL,123.1167,123.12,300,123.11,200,11382600,2023-05-30T14:21:24Z
GOOGL,123.115,,,,,11382906,2023-05-30T14:21:25Z
GOOGL,123.13,123.13,600,123.12,,11385863,2023-05-30T14:21:26Z
GOOGL,123.11,123.11,100,123.1,300,11387979,2023-05-30T14:21:28Z
GOOGL,123.105,123.13,500,123.11,,11388309,
GOOGL,123.11,123.12,200,,200,11388485,2023-05-30T14:21:29Z
GOOGL,123.12,123.13,,,500,11393079,2023-05-30T14:21:31Z
GOOGL,123.1393,123.14,,123.13,100,11393380,
GOOGL,123.125,123.13,,123.12,,11393993,2023-05-30T14:21:32Z
GOOGL,123.12,123.12,100,123.11,200,11394361,2023-05-30T14:21:33Z
GOOGL,123.1179,,,,,11395092,2023-05-30T14:21:34Z
GOOGL,,,,,,11395152,
GOOGL,123.12,123.13,200,123.12,,11397449,2023-05-30T14:21:36Z
GOOGL,123.14,123.15,300,123.14,,11398803,2023-05-30T14:21:37Z
GOOGL,123.1327,123.14,200,123.13,300,11399831,2023-05-30T14:21:39Z
GOOGL,123.13,123.13,,123.12,,11400060,
GOOGL,,,,,200,11400798,2023-05-30T14:21:40Z
GOOGL,123.125,,100,,,11401242,2023-05-30T14:21:41Z
GOOGL,123.12,,500,,300,11402147,2023-05-30T14:21:42Z
GOOGL,123.125,,600,,,11402282,2023-05-30T14:21:44Z
GOOGL,123.12,,,,100,11403286,
GOOGL,123.1276,,500,,200,11404530,2023-05-30T14:21:45Z
GOOGL,123.125,123.12,300,123.11,300,11407451,2023-05-30T14:21:46Z
GOOGL,123.115,,,,,11407668,2023-05-30T14:21:47Z
GOOGL,123.16,123.16,400,123.14,500,11414620,2023-05-30T14:21:48Z
GOOGL,123.1599,,200,123.15,200,11415465,2023-05-30T14:21:49Z
GOOGL,123.155,,,,,11415769,2023-05-30T14:21:50Z
GOOGL,123.15,,400,,100,11416541,2023-05-30T14:21:51Z
GOOGL,123.1599,,300,,200,11417608,2023-05-30T14:21:52Z
GOOGL,123.15,,,,,11419516,2023-05-30T14:21:53Z
GOOGL,123.155,123.11,200,123.1,400,11421675,2023-05-30T14:21:54Z
GOOGL,123.085,123.09,,123.08,200,11424620,2023-05-30T14:21:55Z
GOOGL,123.12,123.12,300,123.11,300,11433408,2023-05-30T14:21:56Z
GOOGL,123.15,123.16,,123.14,600,11434784,2023-05-30T14:21:58Z
GOOGL,123.1576,,200,123.15,200,11435768,
GOOGL,,,,,,11435777,
GOOGL,123.1,123.11,100,123.1,100,11437913,2023-05-30T14:22:00Z
GOOGL,123.145,123.15,,123.14,200,11440328,2023-05-30T14:22:01Z
GOOGL,,,,,100,11440469,
GOOGL,123.14,123.14,200,123.13,,11443419,2023-05-30T14:22:03Z
GOOGL,,,100,,300,11444338,2023-05-30T14:22:04Z
GOOGL,123.12,123.13,,123.12,100,11444817,2023-05-30T14:22:05Z
GOOGL,123.125,,200,123.11,300,11445196,2023-05-30T14:22:06Z
GOOGL,123.155,123.16,400,123.14,500,11445952,2023-05-30T14:22:07Z
GOOGL,123.1305,123.14,100,123.13,300,11447629,2023-05-30T14:22:08Z
GOOGL,123.15,123.16,400,123.15,200,11450539,2023-05-30T14:22:09Z
GOOGL,123.145,123.15,100,123.14,,11451684,2023-05-30T14:22:10Z
GOOGL,123.1499,,200,,,11452026,2023-05-30T14:22:11Z
GOOGL,123.16,123.17,,123.16,100,11453534,2023-05-30T14:22:12Z
GOOGL,123.175,123.19,100,123.18,200,11456467,2023-05-30T14:22:13Z
GOOGL,123.19,123.2,,123.19,,11456702,2023-05-30T14:22:14Z
GOOGL,123.24,123.25,900,123.24,100,11461265,2023-05-30T14:22:15Z
GOOGL,123.2599,123.26,100,123.25,200,11465987,2023-05-30T14:22:16Z
GOOGL,123.255,,200,,,11467272,2023-05-30T14:22:17Z
GOOGL,123.315,123.32,100,123.31,300,11476340,2023-05-30T14:22:19Z
GOOGL,123.32,,200,,200,11476627,
GOOGL,123.26,123.27,400,123.26,100,11483325,2023-05-30T14:22:22Z
GOOGL,,,100,123.25,700,11484843,2023-05-30T14:22:23Z
GOOGL,,123.26,,,100,11485657,
GOOGL,,123.3,400,123.28,300,11487221,2023-05-30T14:22:25Z
GOOGL,123.28,123.31,100,123.3,100,11488562,2023-05-30T14:22:26Z
GOOGL,123.295,123.3,200,123.29,400,11489690,2023-05-30T14:22:27Z
GOOGL,123.2501,123.26,,123.24,300,11491812,2023-05-30T14:22:28Z
GOOGL,123.26,,100,123.25,,11497715,2023-05-30T14:22:29Z
GOOGL,123.2599,,,123.24,400,11498690,
GOOGL,123.26,123.27,200,123.25,200,11500226,2023-05-30T14:22:31Z
GOOGL,,,,,300,11501440,2023-05-30T14:22:32Z
GOOGL,123.265,,100,123.26,100,11502821,2023-05-30T14:22:33Z
GOOGL,123.26,,300,123.25,300,11503126,2023-05-30T14:22:34Z
GOOGL,123.23,123.23,200,123.22,100,11504717,2023-05-30T14:22:35Z
GOOGL,123.225,,300,,200,11505307,2023-05-30T14:22:36Z
GOOGL,123.26,123.26,,123.25,100,11508281,2023-05-30T14:22:37Z
GOOGL,123.29,123.29,100,123.28,,11509043,2023-05-30T14:22:38Z
GOOGL,123.28,123.28,,123.27,300,11509304,2023-05-30T14:22:39Z
GOOGL,,123.29,300,,500,11510590,2023-05-30T14:22:40Z
GOOGL,123.3101,123.32,200,123.31,400,11520360,2023-05-30T14:22:41Z
GOOGL,123.36,123.36,,123.34,300,11521480,
GOOGL,123.37,123.37,,123.36,100,11530348,2023-05-30T14:22:44Z
GOOGL,123.3401,123.35,100,123.34,300,11531955,2023-05-30T14:22:45Z
GOOGL,123.35,123.36,200,,500,11532987,2023-05-30T14:22:46Z
GOOGL,123.33,123.33,300,123.32,300,11535639,
GOOGL,123.34,123.34,200,123.33,200,11537003,2023-05-30T14:22:48Z
GOOGL,123.325,123.33,100,123.32,300,11538325,2023-05-30T14:22:49Z
GOOGL,,123.31,,123.3,200,11540610,2023-05-30T14:22:50Z
GOOGL,123.28,123.29,200,123.27,600,11542591,2023-05-30T14:22:51Z
GOOGL,123.29,123.3,300,123.28,100,11543326,2023-05-30T14:22:52Z
GOOGL,123.3,123.31,200,123.3,200,11545090,2023-05-30T14:22:53Z
GOOGL,123.31,123.32,300,123.31,100,11546224,2023-05-30T14:22:54Z
GOOGL,123.305,123.31,,123.3,200,11551606,2023-05-30T14:22:57Z
GOOGL,123.295,123.3,100,123.29,,11552146,2023-05-30T14:22:58Z
GOOGL,123.3,123.31,300,,300,11553338,
GOOGL,,,,,,11554863,2023-05-30T14:23:00Z
GOOGL,123.27,123.28,,123.27,100,11557568,2023-05-30T14:23:01Z
GOOGL,,,400,123.26,300,11558485,2023-05-30T14:23:02Z
GOOGL,,,300,,,11559495,
GOOGL,123.245,123.25,100,123.24,100,11563703,2023-05-30T14:23:04Z
GOOGL,123.265,123.27,300,123.26,,11564665,2023-05-30T14:23:05Z
GOOGL,123.26,123.24,100,123.22,400,11565098,
GOOGL,123.255,123.26,200,123.24,,11569479,2023-05-30T14:23:07Z
GOOGL,,,500,123.25,200,11573191,2023-05-30T14:23:08Z
GOOGL,123.245,123.25,400,123.23,300,11573978,2023-05-30T14:23:09Z
GOOGL,123.23,123.24,500,123.22,200,11575495,2023-05-30T14:23:10Z
GOOGL,123.25,123.26,200,123.25,300,11579280,2023-05-30T14:23:11Z
GOOGL,123.21,123.22,300,123.21,100,11581310,2023-05-30T14:23:12Z
GOOGL,,,200,,,11581751,2023-05-30T14:23:13Z
GOOGL,123.22,123.24,,123.22,400,11583702,2023-05-30T14:23:14Z
GOOGL,,123.23,600,123.21,,11583820,
GOOGL,,,500,,300,11584272,2023-05-30T14:23:16Z
GOOGL,123.215,123.22,200,,100,11584748,2023-05-30T14:23:17Z
GOOGL,123.19,123.19,400,123.18,,11600248,2023-05-30T14:23:18Z
GOOGL,123.175,123.18,300,123.17,,11604175,2023-05-30T14:23:19Z
GOOGL,123.183,123.19,200,,500,11606712,2023-05-30T14:23:20Z
GOOGL,123.175,123.17,100,123.15,200,11612297,2023-05-30T14:23:21Z
GOOGL,123.1501,123.16,,,100,11612773,2023-05-30T14:23:22Z
GOOGL,123.19,123.19,200,123.18,200,11614403,2023-05-30T14:23:23Z
GOOGL,123.155,123.16,400,123.14,,11627665,2023-05-30T14:23:24Z
GOOGL,123.14,123.14,100,123.13,300,11628685,2023-05-30T14:23:25Z
GOOGL,123.16,123.17,,123.16,100,11632299,2023-05-30T14:23:26Z
GOOGL,123.1601,,,,,11634346,2023-05-30T14:23:27Z
GOOGL,123.165,,200,,200,11635212,2023-05-30T14:23:28Z
GOOGL,,,300,,100,11639896,2023-05-30T14:23:29Z
GOOGL,123.135,123.14,500,123.13,200,11642740,2023-05-30T14:23:30Z
GOOGL,123.17,123.16,200,123.15,,11649955,2023-05-30T14:23:31Z
GOOGL,123.16,123.1,100,123.09,300,11659481,2023-05-30T14:23:32Z
GOOGL,123.1087,123.11,200,123.1,100,11663631,2023-05-30T14:23:33Z
GOOGL,123.1101,123.12,,123.11,,11665185,2023-05-30T14:23:34Z
GOOGL,123.1,123.11,600,123.09,300,11665571,2023-05-30T14:23:35Z
GOOGL,123.065,123.07,100,123.06,100,11666467,2023-05-30T14:23:36Z
GOOGL,123.08,123.1,500,123.09,1100,11668053,
GOOGL,123.0928,,700,,,11668705,2023-05-30T14:23:38Z
GOOGL,123.09,,800,,,11672104,2023-05-30T14:23:39Z
GOOGL,123.095,,700,,1300,11672287,2023-05-30T14:23:40Z
GOOGL,123.06,123.07,400,123.05,200,11683561,2023-05-30T14:23:41Z
GOOGL,123.09,123.1,,123.09,100,11687684,2023-05-30T14:23:42Z
GOOGL,,,300,,200,11688598,2023-05-30T14:23:43Z
GOOGL,123.095,,,,,11688835,2023-05-30T14:23:44Z
GOOGL,123.162,123.18,100,123.16,300,11691155,2023-05-30T14:23:45Z
GOOGL,123.17,,400,123.17,100,11692560,2023-05-30T14:23:46Z
GOOGL,123.15,123.16,500,123.15,,11694381,2023-05-30T14:23:47Z
GOOGL,,,400,,,11694478,
GOOGL,123.14,123.14,,123.13,,11694610,2023-05-30T14:23:49Z
GOOGL,123.13,,200,,300,11697059,2023-05-30T14:23:50Z
GOOGL,,,600,123.12,200,11698376,2023-05-30T14:23:51Z
GOOGL,123.1231,,1100,,100,11699413,2023-05-30T14:23:52Z
GOOGL,123.14,,1000,123.13,,11699849,
GOOGL,123.11,123.12,300,123.11,,11701381,2023-05-30T14:23:54Z
GOOGL,123.095,123.1,600,123.09,,11701927,2023-05-30T14:23:55Z
GOOGL,123.08,123.08,700,123.06,400,11702433,2023-05-30T14:23:56Z
GOOGL,,123.09,400,123.07,600,11703534,2023-05-30T14:23:57Z
GOOGL,123.1,123.1,300,123.09,200,11704883,2023-05-30T14:23:58Z
GOOGL,,,200,,100,11705423,2023-05-30T14:23:59Z
GOOGL,123.08,123.09,300,123.08,,11706930,2023-05-30T14:24:00Z
GOOGL,123.09,123.1,200,123.09,,11707578,2023-05-30T14:24:01Z
GOOGL,123.1,123.11,,123.1,200,11708517,2023-05-30T14:24:02Z
GOOGL,123.08,123.08,100,123.06,,11709880,2023-05-30T14:24:03Z
GOOGL,123.07,,,123.07,,11710141,
GOOGL,123.1,123.1,400,123.09,,11711688,2023-05-30T14:24:05Z
GOOGL,123.105,123.11,200,123.1,100,11712818,2023-05-30T14:24:06Z
GOOGL,123.13,123.14,,123.13,,11714865,2023-05-30T14:24:07Z
GOOGL,123.15,123.16,,123.14,500,11716507,2023-05-30T14:24:08Z
GOOGL,123.1401,123.17,100,123.16,100,11718813,2023-05-30T14:24:09Z
GOOGL,123.14,123.15,,123.14,200,11719744,2023-05-30T14:24:10Z
GOOGL,,,,,100,11719773,
GOOGL,,,,,,11720183,2023-05-30T14:24:12Z
GOOGL,,,,,,11721115,
GOOGL,123.18,123.19,300,123.17,,11722332,2023-05-30T14:24:14Z
GOOGL,,123.18,200,,200,11723040,2023-05-30T14:24:15Z
GOOGL,123.17,123.17,400,123.16,100,11724622,2023-05-30T14:24:16Z
GOOGL,123.165,,200,,200,11725266,2023-05-30T14:24:17Z
GOOGL,123.185,123.19,,123.18,,11726634,2023-05-30T14:24:19Z
GOOGL,123.18,123.18,,123.17,300,11728841,2023-05-30T14:24:20Z
GOOGL,123.175,,,,,11729017,2023-05-30T14:24:21Z
GOOGL,123.19,123.2,300,123.19,,11729566,2023-05-30T14:24:22Z
GOOGL,123.1816,123.19,200,123.18,200,11732560,2023-05-30T14:24:23Z
GOOGL,123.188,123.18,100,123.17,400,11734561,
GOOGL,123.17,,,,200,11734677,2023-05-30T14:24:25Z
GOOGL,123.1799,,200,,300,11740048,2023-05-30T14:24:26Z
GOOGL,123.1861,123.19,,123.18,200,11740702,2023-05-30T14:24:27Z
GOOGL,123.185,123.2,500,,500,11742251,2023-05-30T14:24:28Z
GOOGL,123.1957,,300,123.19,300,11743596,2023-05-30T14:24:29Z
GOOGL,123.195,123.19,200,123.17,200,11748921,
GOOGL,123.19,,,,,11749750,2023-05-30T14:24:31Z
GOOGL,123.2,,100,123.18,,11752729,
GOOGL,123.19,,,,,11755741,2023-05-30T14:24:32Z
GOOGL,,123.18,600,123.17,100,11755756,
GOOGL,123.16,123.17,500,123.15,200,11759275,2023-05-30T14:24:35Z
GOOGL,123.1599,,,,,11759513,2023-05-30T14:24:36Z
GOOGL,,,,,,11759602,
GOOGL,123.18,123.2,300,123.19,100,11761109,2023-05-30T14:24:37Z
GOOGL,123.1875,,400,123.18,400,11761752,2023-05-30T14:24:39Z
GOOGL,123.18,123.17,100,123.15,600,11762654,2023-05-30T14:24:40Z
GOOGL,123.165,,200,123.16,100,11762913,2023-05-30T14:24:41Z
GOOGL,,,,,200,11762935,
GOOGL,,,500,,400,11763043,
GOOGL,123.16,,,,,11763160,2023-05-30T14:24:44Z
GOOGL,123.165,,,,,11764009,2023-05-30T14:24:45Z
GOOGL,123.16,,,123.15,600,11774343,2023-05-30T14:24:46Z
GOOGL,123.155,123.16,300,,400,11775843,2023-05-30T14:24:47Z
GOOGL,,,200,,,11775964,2023-05-30T14:24:48Z
GOOGL,123.17,123.17,100,,1000,11779182,2023-05-30T14:24:49Z
GOOGL,123.12,123.13,200,123.12,100,11783644,2023-05-30T14:24:50Z
GOOGL,123.09,123.12,,123.1,300,11785667,2023-05-30T14:24:51Z
GOOGL,123.1484,123.14,300,123.13,100,11787308,2023-05-30T14:24:52Z
GOOGL,123.14,,200,,,11787515,
GOOGL,123.13,,,,,11788387,2023-05-30T14:24:54Z
GOOGL,123.095,123.1,400,123.09,,11789272,
GOOGL,123.0801,,,123.07,300,11790025,2023-05-30T14:24:56Z
GOOGL,,123.08,100,,100,11790058,
GOOGL,123.1,123.1,300,123.09,,11792007,2023-05-30T14:24:58Z
GOOGL,123.12,123.13,100,123.12,,11793124,2023-05-30T14:25:00Z
GOOGL,123.125,123.12,,123.11,300,11794938,2023-05-30T14:25:01Z
GOOGL,123.115,123.13,200,123.12,100,11796240,2023-05-30T14:25:02Z
GOOGL,123.12,,300,123.11,400,11796652,2023-05-30T14:25:03Z
GOOGL,123.1197,,,,,11797303,2023-05-30T14:25:04Z
GOOGL,123.13,123.14,200,123.13,300,11798570,2023-05-30T14:25:05Z
GOOGL,123.12,123.11,,123.09,400,11799719,2023-05-30T14:25:06Z
GOOGL,123.13,123.14,,123.13,1400,11802204,2023-05-30T14:25:07Z
GOOGL,,,,,1100,11802392,
GOOGL,123.12,,300,123.12,300,11804063,2023-05-30T14:25:09Z
GOOGL,123.16,123.17,100,123.16,200,11805786,2023-05-30T14:25:11Z
GOOGL,123.1801,123.2,600,123.18,100,11806964,2023-05-30T14:25:12Z
GOOGL,123.217,123.23,700,123.21,,11808282,2023-05-30T14:25:13Z
GOOGL,123.245,123.25,200,123.24,,11809482,2023-05-30T14:25:14Z
GOOGL,123.24,123.26,100,,,11811056,2023-05-30T14:25:15Z
GOOGL,123.25,,300,,300,11811948,
GOOGL,123.2454,123.25,100,,,11813119,2023-05-30T14:25:17Z
GOOGL,123.3,123.3,200,123.28,700,11815405,2023-05-30T14:25:18Z
GOOGL,123.325,123.33,300,123.32,2900,11817718,2023-05-30T14:25:19Z
GOOGL,123.3,123.31,100,123.3,100,11822485,2023-05-30T14:25:20Z
GOOGL,123.275,123.28,,123.27,200,11827028,2023-05-30T14:25:21Z
GOOGL,123.33,123.36,700,123.33,500,11828399,2023-05-30T14:25:23Z
GOOGL,123.3491,123.35,100,,600,11829559,2023-05-30T14:25:24Z
GOOGL,123.3412,,,123.34,200,11830151,2023-05-30T14:25:25Z
GOOGL,123.34,123.34,,123.33,600,11831282,
GOOGL,,,200,,500,11831342,
GOOGL,123.3301,,,,400,11832286,2023-05-30T14:25:28Z
GOOGL,123.332,,300,,,11832551,2023-05-30T14:25:29Z
GOOGL,123.335,,200,,500,11833491,2023-05-30T14:25:30Z
GOOGL,,,100,,,11833614,
GOOGL,123.34,123.35,1000,,800,11835091,2023-05-30T14:25:32Z
GOOGL,123.35,,100,123.34,300,11839810,2023-05-30T14:25:33Z
GOOGL,,123.36,500,,500,11841225,2023-05-30T14:25:34Z
GOOGL,,,,,400,11841777,2023-05-30T14:25:35Z
GOOGL,123.3513,,,123.35,200,11842352,2023-05-30T14:25:36Z
GOOGL,123.35,,100,,400,11844047,2023-05-30T14:25:37Z
GOOGL,123.3593,,,,,11844156,2023-05-30T14:25:38Z
GOOGL,123.3612,123.37,200,123.36,100,11844768,2023-05-30T14:25:39Z
GOOGL,123.37,123.38,300,,400,11845826,2023-05-30T14:25:40Z
GOOGL,123.355,,,123.37,100,11847692,2023-05-30T14:25:41Z
GOOGL,,123.39,,123.38,,11848062,
GOOGL,123.4,123.4,500,,600,11849459,2023-05-30T14:25:43Z
GOOGL,123.3907,,,123.39,100,11850000,2023-05-30T14:25:44Z
GOOGL,123.4,,,,300,11856637,
GOOGL,123.42,123.42,200,123.41,200,11859833,2023-05-30T14:25:46Z
GOOGL,123.39,123.4,,123.39,400,11861377,2023-05-30T14:25:47Z
GOOGL,123.4,123.41,500,,300,11867912,2023-05-30T14:25:48Z
GOOGL,123.405,,100,123.4,,11869138,2023-05-30T14:25:49Z
GOOGL,123.43,123.43,,123.42,400,11873872,2023-05-30T14:25:50Z
GOOGL,123.39,123.4,200,123.38,1500,11881324,2023-05-30T14:25:51Z
GOOGL,123.395,,100,123.39,300,11884382,2023-05-30T14:25:52Z
GOOGL,123.43,123.44,400,123.42,200,11906483,2023-05-30T14:25:55Z
GOOGL,123.44,123.45,1300,123.44,300,11906755,2023-05-30T14:25:56Z
GOOGL,123.43,123.43,100,123.42,100,11908151,2023-05-30T14:25:57Z
GOOGL,123.42,123.44,300,,200,11912759,2023-05-30T14:25:58Z
GOOGL,123.415,123.42,100,123.41,100,11913915,2023-05-30T14:25:59Z
GOOGL,,,,,,11914200,2023-05-30T14:26:00Z
GOOGL,123.42,123.43,,123.42,300,11920456,2023-05-30T14:26:01Z
GOOGL,123.445,123.45,1300,123.44,100,11922556,2023-05-30T14:26:02Z
GOOGL,123.44,,1400,123.43,200,11923231,2023-05-30T14:26:03Z
GOOGL,123.435,123.44,100,,,11924536,2023-05-30T14:26:04Z
GOOGL,123.44,,,,100,11926224,2023-05-30T14:26:05Z
GOOGL,123.4,123.4,,123.39,200,11929603,2023-05-30T14:26:06Z
GOOGL,123.39,,,,,11930967,2023-05-30T14:26:07Z
GOOGL,123.345,123.36,200,123.35,100,11940557,2023-05-30T14:26:08Z
GOOGL,123.36,,100,,,11942572,2023-05-30T14:26:09Z
GOOGL,123.37,123.39,,123.38,,11943220,2023-05-30T14:26:10Z
GOOGL,123.385,,,,,11943406,2023-05-30T14:26:11Z
GOOGL,123.3647,123.38,,123.36,200,11944812,2023-05-30T14:26:12Z
GOOGL,123.395,123.42,,123.41,100,11946272,2023-05-30T14:26:13Z
GOOGL,,,,,,11946296,
GOOGL,123.42,123.43,,123.42,,11947459,2023-05-30T14:26:15Z
GOOGL,,,200,,300,11948073,2023-05-30T14:26:17Z
GOOGL,,,,123.41,400,11948439,2023-05-30T14:26:18Z
GOOGL,,123.42,100,,300,11948736,2023-05-30T14:26:19Z
GOOGL,123.425,123.44,1200,123.43,200,11949377,2023-05-30T14:26:20Z
GOOGL,123.435,,,,,11949967,2023-05-30T14:26:21Z
GOOGL,123.46,123.46,200,123.44,,11953916,2023-05-30T14:26:22Z
GOOGL,123.45,,600,,,11955000,2023-05-30T14:26:23Z
GOOGL,123.445,123.45,500,,400,11958971,
GOOGL,123.4111,123.42,100,123.41,300,11962416,2023-05-30T14:26:25Z
GOOGL,123.42,123.45,600,123.43,,11962796,
GOOGL,,,900,,100,11962797,
GOOGL,123.442,,500,123.44,300,11964040,2023-05-30T14:26:27Z
GOOGL,123.46,,200,,100,11965786,2023-05-30T14:26:29Z
GOOGL,123.4659,123.44,,123.43,,11966038,2023-05-30T14:26:30Z
GOOGL,123.4393,,100,,200,11966698,2023-05-30T14:26:31Z
GOOGL,123.45,123.46,200,123.44,600,11967581,2023-05-30T14:26:32Z
GOOGL,123.4499,,100,,200,11967937,2023-05-30T14:26:33Z
GOOGL,123.44,123.45,1200,,,11968158,2023-05-30T14:26:34Z
GOOGL,123.43,123.44,100,123.43,,11969465,2023-05-30T14:26:35Z
GOOGL,123.44,123.45,1000,123.44,100,11970569,2023-05-30T14:26:36Z
GOOGL,123.435,123.43,400,123.42,,11971667,2023-05-30T14:26:37Z
GOOGL,123.42,123.44,100,123.43,400,11972174,2023-05-30T14:26:38Z
GOOGL,123.4499,123.45,900,123.44,200,11975152,2023-05-30T14:26:39Z
GOOGL,123.44,123.44,100,123.43,100,11975583,2023-05-30T14:26:40Z
GOOGL,123.445,123.45,900,,400,11976102,
GOOGL,123.4398,,,123.44,100,11980337,2023-05-30T14:26:42Z
GOOGL,123.45,123.46,100,123.45,,11982037,
GOOGL,123.453,,,,300,11982251,2023-05-30T14:26:43Z
GOOGL,123.4599,,,,200,11984439,2023-05-30T14:26:44Z
GOOGL,123.455,,300,,,11984636,2023-05-30T14:26:46Z
GOOGL,,,,,100,11985109,
GOOGL,,,,,400,11985147,
GOOGL,123.49,123.5,1400,123.48,,11986102,2023-05-30T14:26:49Z
GOOGL,123.48,123.49,100,,200,11987013,2023-05-30T14:26:50Z
GOOGL,,,,,300,11987380,
GOOGL,,,200,123.47,200,11989561,2023-05-30T14:26:52Z
GOOGL,123.5415,123.55,500,123.53,,11995932,2023-05-30T14:26:53Z
GOOGL,123.53,123.53,300,123.52,100,11997072,2023-05-30T14:26:54Z
GOOGL,123.475,123.48,100,123.47,,11998711,2023-05-30T14:26:55Z
GOOGL,123.485,123.49,,123.48,,12000728,2023-05-30T14:26:56Z
GOOGL,123.445,123.45,200,123.43,200,12001960,2023-05-30T14:26:57Z
GOOGL,123.43,123.43,100,123.42,300,12003543,2023-05-30T14:26:58Z
GOOGL,123.48,123.49,,123.48,200,12006093,2023-05-30T14:26:59Z
GOOGL,123.492,123.5,,123.49,100,12006618,2023-05-30T14:27:00Z
GOOGL,123.51,123.52,200,123.5,600,12007828,2023-05-30T14:27:01Z
GOOGL,,,,123.51,100,12009801,2023-05-30T14:27:02Z
GOOGL,123.5,123.5,300,123.49,,12011344,2023-05-30T14:27:03Z
GOOGL,123.495,,100,,200,12014526,2023-05-30T14:27:04Z
GOOGL,123.5,123.52,,123.51,100,12018522,2023-05-30T14:27:05Z
GOOGL,123.52,123.53,,123.52,200,12020250,2023-05-30T14:27:06Z
GOOGL,123.515,123.57,300,123.55,,12025630,2023-05-30T14:27:07Z
GOOGL,123.54,123.55,200,123.53,,12026472,2023-05-30T14:27:08Z
GOOGL,123.5,123.51,,123.49,,12030696,2023-05-30T14:27:09Z
GOOGL,,123.52,100,123.5,400,12030876,
GOOGL,123.51,,200,,500,12031328,2023-05-30T14:27:11Z
GOOGL,,123.53,300,123.51,100,12031456,
GOOGL,123.505,123.51,100,123.5,,12033263,2023-05-30T14:27:13Z
GOOGL,123.51,,,,,12033845,
GOOGL,123.505,,200,,,12034068,2023-05-30T14:27:14Z
GOOGL,,,100,,400,12034332,
GOOGL,123.45,123.46,300,123.45,200,12037647,2023-05-30T14:27:17Z
GOOGL,123.43,123.44,500,123.42,300,12039657,2023-05-30T14:27:18Z
GOOGL,123.3791,123.38,600,123.36,,12044404,2023-05-30T14:27:19Z
GOOGL,123.355,123.36,300,123.35,100,12047111,2023-05-30T14:27:20Z
GOOGL,,123.37,,,,12047254,
GOOGL,123.3633,123.38,400,123.36,,12049001,2023-05-30T14:27:22Z
GOOGL,123.375,123.39,100,123.38,200,12050132,
GOOGL,123.39,,300,,100,12051344,2023-05-30T14:27:24Z
GOOGL,,123.4,100,123.39,,12052570,2023-05-30T14:27:25Z
GOOGL,123.38,123.38,300,123.37,,12053393,2023-05-30T14:27:26Z
GOOGL,123.35,123.37,500,123.35,,12054380,2023-05-30T14:27:27Z
GOOGL,,123.35,100,123.34,,12054779,
GOOGL,,123.37,200,123.35,1200,12054881,
GOOGL,123.37,,100,123.36,100,12055446,2023-05-30T14:27:30Z
GOOGL,123.36,123.36,200,123.35,,12055589,2023-05-30T14:27:31Z
GOOGL,123.35,123.37,600,123.36,200,12056641,2023-05-30T14:27:32Z
GOOGL,123.39,123.39,100,123.38,300,12059027,2023-05-30T14:27:33Z
GOOGL,123.4,123.41,,123.4,,12061157,2023-05-30T14:27:34Z
GOOGL,123.43,123.44,300,123.43,500,12061872,
GOOGL,,,200,,200,12062025,
GOOGL,123.44,123.47,400,123.45,,12064494,2023-05-30T14:27:36Z
GOOGL,,,100,,700,12064509,
GOOGL,123.45,123.46,,,100,12065031,2023-05-30T14:27:39Z
GOOGL,123.44,,300,123.43,400,12067469,2023-05-30T14:27:40Z
GOOGL,123.432,123.44,100,,100,12067616,2023-05-30T14:27:41Z
GOOGL,,,,,200,12067674,
GOOGL,123.4384,,,,,12068204,2023-05-30T14:27:43Z
GOOGL,,123.46,600,,800,12068264,
GOOGL,123.45,,300,123.44,300,12069337,2023-05-30T14:27:45Z
GOOGL,123.44,123.45,200,123.43,,12069627,2023-05-30T14:27:46Z
GOOGL,123.425,123.43,100,123.42,100,12070924,
GOOGL,123.35,123.37,400,123.35,,12072274,2023-05-30T14:27:48Z
GOOGL,123.3601,,200,,400,12073420,2023-05-30T14:27:49Z
GOOGL,123.38,,400,,200,12074074,2023-05-30T14:27:50Z
GOOGL,123.36,123.36,200,,,12075171,2023-05-30T14:27:51Z
GOOGL,123.37,123.38,100,123.36,,12076414,2023-05-30T14:27:52Z
GOOGL,123.355,123.37,,,100,12077330,2023-05-30T14:27:53Z
GOOGL,123.3625,,300,123.35,200,12078445,2023-05-30T14:27:54Z
GOOGL,123.35,123.34,,123.32,100,12078742,2023-05-30T14:27:55Z
GOOGL,,123.36,200,123.34,,12082133,2023-05-30T14:27:56Z
GOOGL,,,300,,200,12082838,
GOOGL,123.375,123.38,600,123.36,500,12084351,2023-05-30T14:27:58Z
GOOGL,123.38,123.4,400,123.38,200,12086229,2023-05-30T14:27:59Z
GOOGL,123.4223,123.43,200,123.41,,12087739,2023-05-30T14:28:00Z
GOOGL,123.4012,123.41,400,123.4,100,12089306,2023-05-30T14:28:01Z
GOOGL,123.4,123.4,300,123.39,,12089623,2023-05-30T14:28:02Z
GOOGL,123.365,123.37,,123.36,200,12090229,2023-05-30T14:28:03Z
GOOGL,123.37,123.39,100,123.37,300,12090748,2023-05-30T14:28:04Z
GOOGL,123.38,,,,500,12090888,
GOOGL,,,200,123.38,300,12090950,
GOOGL,123.3899,,100,,100,12092263,2023-05-30T14:28:06Z
GOOGL,123.38,,300,123.37,300,12092823,2023-05-30T14:28:08Z
GOOGL,,123.4,,123.39,200,12093117,
GOOGL,123.43,123.45,100,123.43,500,12094702,2023-05-30T14:28:10Z
GOOGL,123.45,,200,123.44,200,12095247,2023-05-30T14:28:11Z
GOOGL,123.445,,100,,300,12096265,2023-05-30T14:28:12Z
GOOGL,123.44,123.44,,123.43,100,12096929,2023-05-30T14:28:13Z
GOOGL,,123.45,400,,,12096947,
GOOGL,123.425,123.43,100,123.42,,12097557,2023-05-30T14:28:14Z
GOOGL,,123.46,,123.45,,12097627,
GOOGL,123.45,,,,200,12097830,2023-05-30T14:28:17Z
GOOGL,,,,,,12097854,
GOOGL,123.435,123.45,700,123.43,100,12100416,2023-05-30T14:28:19Z
GOOGL,123.405,,500,,200,12100561,
GOOGL,,123.44,200,123.42,300,12100576,
GOOGL,123.42,123.43,100,123.41,,12100978,2023-05-30T14:28:22Z
GOOGL,123.43,123.44,,123.43,100,12101352,2023-05-30T14:28:23Z
GOOGL,123.45,123.47,400,123.44,400,12103496,2023-05-30T14:28:24Z
GOOGL,,,100,123.46,100,12104039,2023-05-30T14:28:25Z
GOOGL,123.44,123.46,600,123.44,,12107206,2023-05-30T14:28:26Z
GOOGL,123.4416,,500,,,12107351,2023-05-30T14:28:27Z
GOOGL,123.44,,600,123.43,300,12109137,2023-05-30T14:28:28Z
GOOGL,123.435,123.44,300,,200,12109414,2023-05-30T14:28:29Z
GOOGL,123.44,123.46,200,123.44,300,12112650,2023-05-30T14:28:30Z
GOOGL,123.46,123.47,,123.46,100,12113021,2023-05-30T14:28:31Z
GOOGL,123.415,123.42,100,123.41,,12121119,2023-05-30T14:28:33Z
GOOGL,123.41,,,,200,12122996,2023-05-30T14:28:34Z
GOOGL,,,300,123.4,,12125790,2023-05-30T14:28:35Z
GOOGL,123.37,123.37,100,123.36,,12126736,2023-05-30T14:28:36Z
GOOGL,,,,,,12126956,2023-05-30T14:28:37Z
GOOGL,123.325,123.34,200,123.32,100,12130762,2023-05-30T14:28:38Z
GOOGL,,123.33,,,,12132716,2023-05-30T14:28:39Z
GOOGL,123.3115,123.31,400,123.3,,12133531,2023-05-30T14:28:40Z
GOOGL,123.25,123.26,200,123.25,300,12135422,2023-05-30T14:28:41Z
GOOGL,123.27,123.28,,123.27,100,12138031,2023-05-30T14:28:42Z
GOOGL,123.28,123.29,100,123.28,,12139538,2023-05-30T14:28:43Z
GOOGL,123.295,123.3,,123.29,400,12140035,2023-05-30T14:28:44Z
GOOGL,123.34,123.36,300,123.34,200,12142644,2023-05-30T14:28:45Z
GOOGL,123.335,,,,100,12143001,2023-05-30T14:28:46Z
GOOGL,123.34,123.35,100,123.33,400,12143454,
GOOGL,123.32,123.32,400,123.31,200,12145167,2023-05-30T14:28:48Z
GOOGL,,123.33,100,123.32,100,12146358,2023-05-30T14:28:49Z
GOOGL,123.3425,,400,123.31,200,12148273,2023-05-30T14:28:50Z
GOOGL,123.33,123.35,,123.33,,12148973,2023-05-30T14:28:51Z
GOOGL,,123.32,200,123.31,,12149014,
GOOGL,123.31,123.31,400,123.29,100,12150771,2023-05-30T14:28:53Z
GOOGL,123.2808,123.29,200,123.28,200,12151708,2023-05-30T14:28:54Z
GOOGL,123.32,123.32,300,123.3,100,12153727,2023-05-30T14:28:55Z
GOOGL,123.295,123.31,400,123.29,200,12154482,2023-05-30T14:28:56Z
GOOGL,,123.29,100,123.28,400,12154515,
GOOGL,123.31,123.32,200,123.3,,12155988,2023-05-30T14:28:58Z
GOOGL,,123.33,100,123.32,200,12158131,2023-05-30T14:28:59Z
GOOGL,,123.32,500,123.3,,12158443,
GOOGL,,123.3,200,123.28,400,12158750,2023-05-30T14:29:01Z
GOOGL,,123.32,400,123.3,,12159323,2023-05-30T14:29:02Z
GOOGL,123.3,123.3,200,123.29,300,12160201,2023-05-30T14:29:04Z
GOOGL,123.305,123.31,300,,800,12160794,2023-05-30T14:29:05Z
GOOGL,123.3,123.3,200,123.28,400,12163290,2023-05-30T14:29:06Z
GOOGL,123.26,123.27,,123.26,100,12164496,2023-05-30T14:29:07Z
GOOGL,123.27,123.28,100,123.27,,12166063,2023-05-30T14:29:08Z
GOOGL,123.2743,123.29,200,,300,12166337,2023-05-30T14:29:09Z
GOOGL,,,100,123.28,200,12166427,
GOOGL,123.26,123.27,300,123.26,,12169036,2023-05-30T14:29:10Z
GOOGL,123.28,123.28,100,,300,12171045,2023-05-30T14:29:12Z
GOOGL,123.24,123.23,400,123.21,100,12173553,2023-05-30T14:29:13Z
GOOGL,123.21,123.22,100,,300,12176788,2023-05-30T14:29:14Z
GOOGL,123.27,123.26,200,123.25,,12178695,2023-05-30T14:29:15Z
GOOGL,123.266,123.28,400,123.26,100,12180257,2023-05-30T14:29:16Z
GOOGL,123.25,123.25,500,123.23,,12180903,2023-05-30T14:29:17Z
GOOGL,123.24,123.24,600,,,12181470,
GOOGL,123.22,123.22,100,123.21,,12181918,2023-05-30T14:29:19Z
GOOGL,,123.23,,123.22,,12182626,2023-05-30T14:29:20Z
GOOGL,,123.22,,123.21,,12182973,2023-05-30T14:29:21Z
GOOGL,123.225,123.23,,123.22,200,12184376,2023-05-30T14:29:22Z
GOOGL,123.23,123.24,200,123.23,,12185524,2023-05-30T14:29:23Z
GOOGL,123.2301,,,123.22,400,12185667,2023-05-30T14:29:24Z
GOOGL,123.28,123.28,400,123.26,100,12188005,2023-05-30T14:29:25Z
GOOGL,,123.26,300,123.25,800,12188088,
GOOGL,123.2715,123.28,200,123.27,100,12190738,2023-05-30T14:29:27Z
GOOGL,123.275,123.29,700,,200,12190963,2023-05-30T14:29:28Z
GOOGL,,123.28,200,,,12191196,
GOOGL,,,,,,12191727,2023-05-30T14:29:29Z
GOOGL,123.28,123.29,700,,,12191986,2023-05-30T14:29:31Z
GOOGL,123.295,123.3,100,123.29,100,12192732,2023-05-30T14:29:32Z
GOOGL,123.32,123.33,,123.32,,12193199,
GOOGL,123.33,123.34,300,,,12194246,2023-05-30T14:29:34Z
GOOGL,,,200,,,12194649,2023-05-30T14:29:35Z
GOOGL,123.3284,123.33,100,,400,12194877,
GOOGL,123.35,123.36,,123.35,200,12196169,2023-05-30T14:29:37Z
GOOGL,123.37,,200,123.34,300,12197455,
GOOGL,,123.35,100,,100,12197599,
GOOGL,123.34,123.34,,123.33,200,12197825,2023-05-30T14:29:39Z
GOOGL,,,400,,,12197842,
GOOGL,123.35,123.35,200,,300,12199044,2023-05-30T14:29:42Z
GOOGL,,123.34,100,,200,12199048,
GOOGL,123.29,123.29,200,123.28,100,12202189,2023-05-30T14:29:44Z
GOOGL,123.28,123.3,400,,,12202456,2023-05-30T14:29:45Z
GOOGL,123.32,123.32,100,123.31,200,12204179,2023-05-30T14:29:46Z
GOOGL,123.31,,,,100,12204789,2023-05-30T14:29:47Z
GOOGL,123.32,123.3,200,123.29,200,12205826,
GOOGL,123.2925,123.31,300,,,12206239,2023-05-30T14:29:49Z
GOOGL,,123.3,,,,12206392,
GOOGL,123.36,123.36,,123.34,,12207385,2023-05-30T14:29:51Z
GOOGL,123.33,123.34,,123.32,,12207945,2023-05-30T14:29:52Z
GOOGL,,,400,,100,12208731,2023-05-30T14:29:53Z
GOOGL,123.34,,,,200,12209091,
GOOGL,123.355,123.38,200,123.37,100,12209982,2023-05-30T14:29:55Z
GOOGL,,123.37,100,123.36,200,12210053,
GOOGL,123.36,123.38,500,,100,12210386,2023-05-30T14:29:57Z
GOOGL,,123.37,100,,200,12210461,
GOOGL,,123.38,200,123.37,400,12212195,2023-05-30T14:29:59Z
GOOGL,123.37,123.39,100,,,12215901,2023-05-30T14:30:00Z
GOOGL,123.36,123.38,200,123.36,,12219824,2023-05-30T14:30:01Z
GOOGL,123.38,,,123.37,8100,12220457,2023-05-30T14:30:02Z
GOOGL,123.36,123.39,400,,300,12229504,2023-05-30T14:30:03Z
GOOGL,123.355,123.36,600,123.35,1300,12231607,2023-05-30T14:30:04Z
GOOGL,,123.37,300,123.36,100,12234440,2023-05-30T14:30:05Z
GOOGL,123.365,,,,200,12235131,
GOOGL,123.395,123.4,200,123.39,100,12237343,2023-05-30T14:30:07Z
GOOGL,123.37,123.39,100,123.38,,12240099,2023-05-30T14:30:08Z
GOOGL,,123.37,,123.36,500,12240523,2023-05-30T14:30:09Z
GOOGL,123.39,123.39,200,123.38,100,12240885,2023-05-30T14:30:10Z
GOOGL,123.38,123.4,300,,,12243951,2023-05-30T14:30:11Z
GOOGL,,,400,,,12244131,
GOOGL,123.39,,500,,200,12246352,2023-05-30T14:30:13Z
GOOGL,123.4,123.41,100,123.4,300,12253976,2023-05-30T14:30:14Z
GOOGL,,,,,,12254030,
GOOGL,123.435,123.44,200,123.43,200,12256345,2023-05-30T14:30:17Z
GOOGL,,,100,,,12257055,
GOOGL,123.44,,200,,,12258695,2023-05-30T14:30:19Z
GOOGL,123.41,123.41,100,123.4,500,12260698,2023-05-30T14:30:20Z
GOOGL,,123.42,600,,300,12260917,2023-05-30T14:30:21Z
GOOGL,123.42,123.41,100,,500,12261682,
GOOGL,123.4,,200,,400,12261972,2023-05-30T14:30:23Z
GOOGL,123.41,123.42,100,123.41,100,12262595,2023-05-30T14:30:24Z
GOOGL,,123.41,,123.4,400,12262758,
GOOGL,,,,,600,12262845,
GOOGL,123.4046,,200,,400,12263360,2023-05-30T14:30:27Z
GOOGL,123.41,,,,,12264527,
GOOGL,123.37,123.38,100,123.37,100,12267065,2023-05-30T14:30:29Z
GOOGL,,,,123.36,1400,12267091,
GOOGL,123.39,123.39,,123.38,500,12269758,2023-05-30T14:30:31Z
GOOGL,123.41,123.42,,123.41,400,12272328,
GOOGL,123.42,123.44,200,123.43,100,12272882,2023-05-30T14:30:33Z
GOOGL,123.41,123.42,300,123.4,200,12273795,2023-05-30T14:30:34Z
GOOGL,123.39,123.41,200,,100,12274418,2023-05-30T14:30:35Z
GOOGL,,123.42,,,500,12274527,
GOOGL,123.42,123.43,,123.42,100,12275540,2023-05-30T14:30:38Z
GOOGL,123.41,123.41,100,123.4,200,12292366,2023-05-30T14:30:39Z
GOOGL,,,400,,,12293089,2023-05-30T14:30:40Z
GOOGL,123.4,123.4,100,123.39,100,12293799,2023-05-30T14:30:41Z
GOOGL,123.395,123.38,300,123.37,300,12296270,2023-05-30T14:30:42Z
GOOGL,123.365,,200,,100,12297059,2023-05-30T14:30:43Z
GOOGL,123.37,123.37,,123.36,400,12298415,2023-05-30T14:30:44Z
GOOGL,123.363,,,,300,12298785,
GOOGL,123.355,123.36,100,123.35,1200,12299868,2023-05-30T14:30:45Z
GOOGL,123.3599,,300,,,12300056,2023-05-30T14:30:47Z
GOOGL,,,,,,12300451,2023-05-30T14:30:49Z
GOOGL,123.36,,400,,100,12307053,2023-05-30T14:30:50Z
GOOGL,123.33,123.33,300,123.32,200,12308232,2023-05-30T14:30:51Z
GOOGL,123.35,123.38,200,123.36,,12311113,2023-05-30T14:30:52Z
GOOGL,,,100,,300,12311131,
GOOGL,123.445,123.45,300,123.44,200,12314839,2023-05-30T14:30:54Z
GOOGL,123.4423,,400,,100,12315165,2023-05-30T14:30:55Z
GOOGL,123.4243,123.43,100,123.42,,12316567,2023-05-30T14:30:56Z
GOOGL,123.4364,123.44,,123.43,300,12321372,2023-05-30T14:30:57Z
GOOGL,,,,,100,12321407,
GOOGL,123.435,,,,,12322310,2023-05-30T14:30:59Z
GOOGL,,,,,300,12322372,
GOOGL,123.43,,200,123.42,,12325615,2023-05-30T14:31:01Z
GOOGL,123.44,,,,,12325771,2023-05-30T14:31:02Z
GOOGL,,123.45,100,123.44,200,12327138,2023-05-30T14:31:03Z
GOOGL,123.45,,,,,12327784,
GOOGL,123.435,123.43,,123.42,,12331776,2023-05-30T14:31:05Z
GOOGL,123.4299,,200,,100,12332413,2023-05-30T14:31:06Z
GOOGL,,,100,,,12332604,
GOOGL,123.42,123.44,300,,300,12333353,2023-05-30T14:31:08Z
GOOGL,123.43,123.43,100,,,12346004,2023-05-30T14:31:09Z
GOOGL,,123.44,,123.43,100,12357915,2023-05-30T14:31:10Z
GOOGL,123.435,,200,,300,12370395,2023-05-30T14:31:11Z
GOOGL,123.44,,,,400,12388449,2023-05-30T14:31:12Z
GOOGL,123.435,,,,500,12401382,2023-05-30T14:31:13Z
GOOGL,123.465,123.47,,123.46,200,12414640,2023-05-30T14:31:14Z
GOOGL,123.475,123.48,,123.47,100,12438809,2023-05-30T14:31:15Z
GOOGL,123.48,,300,,200,12439518,2023-05-30T14:31:16Z
GOOGL,123.475,,200,,300,12440045,2023-05-30T14:31:17Z
GOOGL,123.49,123.5,900,123.49,100,12442429,2023-05-30T14:31:18Z
GOOGL,123.48,123.48,400,123.47,400,12445183,2023-05-30T14:31:20Z
GOOGL,123.475,,300,,,12445338,
GOOGL,123.46,123.46,,123.45,200,12447816,2023-05-30T14:31:21Z
GOOGL,123.4644,,200,,,12448159,
GOOGL,123.455,,,,300,12448814,2023-05-30T14:31:23Z
GOOGL,123.462,123.47,,123.46,100,12449246,2023-05-30T14:31:24Z
GOOGL,123.48,123.49,100,123.48,200,12450078,2023-05-30T14:31:25Z
GOOGL,,123.48,300,123.47,,12450533,2023-05-30T14:31:26Z
GOOGL,123.485,123.49,200,123.48,,12451999,2023-05-30T14:31:27Z
GOOGL,123.475,123.48,100,123.47,,12452354,2023-05-30T14:31:28Z
GOOGL,123.505,123.51,200,123.5,100,12456605,2023-05-30T14:31:29Z
GOOGL,123.48,123.48,,123.47,200,12457480,2023-05-30T14:31:30Z
GOOGL,,123.49,400,,,12458302,2023-05-30T14:31:31Z
GOOGL,123.47,123.47,,123.46,100,12458610,2023-05-30T14:31:32Z
GOOGL,123.515,123.52,,123.51,200,12464283,2023-05-30T14:31:33Z
GOOGL,123.51,123.51,300,123.5,100,12464643,2023-05-30T14:31:34Z
GOOGL,123.49,123.49,,123.48,,12465596,2023-05-30T14:31:35Z
GOOGL,123.48,,,,,12466035,
GOOGL,123.46,123.48,100,123.47,200,12467090,2023-05-30T14:31:37Z
GOOGL,123.4633,,200,123.46,300,12467770,2023-05-30T14:31:38Z
GOOGL,123.44,123.44,100,123.43,200,12468684,2023-05-30T14:31:39Z
GOOGL,123.435,,,,300,12469395,
GOOGL,123.41,123.42,,123.41,200,12472348,2023-05-30T14:31:41Z
GOOGL,123.4176,,200,,100,12472448,2023-05-30T14:31:42Z
GOOGL,123.39,123.41,100,123.4,300,12474322,2023-05-30T14:31:43Z
GOOGL,123.41,,300,123.39,1000,12475840,2023-05-30T14:31:44Z
GOOGL,123.4019,,400,,1100,12476061,2023-05-30T14:31:45Z
GOOGL,123.395,123.4,300,,800,12476396,2023-05-30T14:31:46Z
GOOGL,,,400,,,12476531,2023-05-30T14:31:47Z
GOOGL,123.4,123.38,200,123.37,200,12480976,
GOOGL,123.38,,100,,,12482156,2023-05-30T14:31:49Z
GOOGL,123.37,123.37,500,123.35,700,12482786,2023-05-30T14:31:50Z
GOOGL,123.35,123.35,200,123.34,100,12484189,2023-05-30T14:31:51Z
GOOGL,123.34,,100,,200,12485536,2023-05-30T14:31:52Z
GOOGL,123.35,123.37,200,123.35,500,12486476,2023-05-30T14:31:53Z
GOOGL,123.36,123.35,100,123.34,200,12486814,2023-05-30T14:31:54Z
GOOGL,123.34,123.34,200,123.33,100,12487277,2023-05-30T14:31:55Z
GOOGL,,123.35,300,123.34,,12488031,2023-05-30T14:31:56Z
GOOGL,123.37,123.38,400,123.36,200,12489890,2023-05-30T14:31:57Z
GOOGL,,123.37,100,,100,12490013,
GOOGL,123.365,,,,,12490445,2023-05-30T14:31:59Z
GOOGL,123.4,123.4,600,123.39,,12491373,2023-05-30T14:32:00Z
GOOGL,123.3905,,100,,,12491845,2023-05-30T14:32:01Z
GOOGL,123.37,123.37,200,123.36,200,12492405,
GOOGL,123.35,123.35,100,123.34,100,12496765,2023-05-30T14:32:03Z
GOOGL,123.33,123.33,300,123.32,200,12498393,2023-05-30T14:32:04Z
GOOGL,123.335,123.34,100,123.33,100,12502304,2023-05-30T14:32:05Z
GOOGL,123.33,123.32,,123.31,,12502798,2023-05-30T14:32:06Z
GOOGL,,123.35,300,123.33,300,12503571,2023-05-30T14:32:07Z
GOOGL,123.345,,200,123.34,200,12506773,2023-05-30T14:32:08Z
GOOGL,,,300,,,12506789,
GOOGL,123.34,,,,100,12508754,2023-05-30T14:32:10Z
GOOGL,,,400,,600,12509176,2023-05-30T14:32:11Z
GOOGL,,,300,,200,12509309,2023-05-30T14:32:12Z
GOOGL,123.35,,200,,,12511854,2023-05-30T14:32:13Z
GOOGL,,123.36,100,123.35,100,12511870,
GOOGL,123.435,123.44,,123.43,,12514059,2023-05-30T14:32:15Z
GOOGL,123.425,123.43,,123.42,200,12522092,2023-05-30T14:32:16Z
GOOGL,123.42,,200,,100,12523486,2023-05-30T14:32:17Z
GOOGL,,123.42,300,123.41,,12523584,
GOOGL,123.4002,123.39,,123.38,,12524833,2023-05-30T14:32:19Z
GOOGL,123.37,123.36,200,123.35,500,12525537,2023-05-30T14:32:20Z
GOOGL,123.38,123.39,100,123.38,100,12526207,2023-05-30T14:32:21Z
GOOGL,123.36,123.37,300,123.36,,12527268,2023-05-30T14:32:22Z
GOOGL,123.38,123.39,200,123.38,300,12527617,2023-05-30T14:32:23Z
GOOGL,123.36,123.38,100,123.37,100,12528387,2023-05-30T14:32:24Z
GOOGL,123.365,123.37,,123.36,200,12528582,2023-05-30T14:32:25Z
GOOGL,123.36,,200,,,12528909,2023-05-30T14:32:26Z
GOOGL,123.375,,100,,,12529594,2023-05-30T14:32:27Z
GOOGL,123.37,,600,,,12531536,2023-05-30T14:32:28Z
GOOGL,,,500,,,12531624,
GOOGL,123.35,123.35,300,123.34,100,12532437,2023-05-30T14:32:30Z
GOOGL,,123.36,200,123.35,,12533045,2023-05-30T14:32:31Z
GOOGL,123.355,123.35,100,123.34,200,12533610,2023-05-30T14:32:32Z
GOOGL,123.345,,400,123.33,600,12535658,2023-05-30T14:32:33Z
GOOGL,123.34,123.34,300,,400,12536182,2023-05-30T14:32:34Z
GOOGL,123.3499,,100,,,12537359,2023-05-30T14:32:35Z
GOOGL,,123.35,500,,,12537399,
GOOGL,123.34,123.34,400,,,12537816,2023-05-30T14:32:37Z
GOOGL,123.3323,,100,,,12538337,2023-05-30T14:32:38Z
GOOGL,,123.35,400,,500,12538364,
GOOGL,123.335,123.34,,,400,12538574,2023-05-30T14:32:40Z
GOOGL,123.3284,123.33,100,123.32,,12544799,2023-05-30T14:32:41Z
GOOGL,123.34,123.34,400,,,12545224,
GOOGL,123.33,123.33,100,,,12545335,2023-05-30T14:32:42Z
GOOGL,123.3299,,,,,12545470,2023-05-30T14:32:43Z
GOOGL,123.32,,200,,,12547542,2023-05-30T14:32:45Z
GOOGL,123.29,123.3,,123.29,200,12551519,2023-05-30T14:32:46Z
GOOGL,,,400,,100,12552367,2023-05-30T14:32:47Z
GOOGL,,,300,,,12552410,
GOOGL,123.325,123.32,200,123.31,,12553722,2023-05-30T14:32:50Z
GOOGL,123.3299,,100,,200,12554281,2023-05-30T14:32:51Z
GOOGL,,,200,,,12554469,
GOOGL,,,,,,12554813,
GOOGL,123.315,,100,,300,12554920,2023-05-30T14:32:54Z
GOOGL,123.32,,400,,200,12555753,
GOOGL,123.315,,200,,,12555874,2023-05-30T14:32:56Z
GOOGL,123.32,,300,,,12557007,2023-05-30T14:32:57Z
GOOGL,123.335,123.34,3100,123.33,100,12558544,2023-05-30T14:32:58Z
GOOGL,123.38,123.4,500,123.38,300,12563481,2023-05-30T14:32:59Z
GOOGL,123.375,123.38,100,123.37,,12564606,2023-05-30T14:33:00Z
GOOGL,123.37,123.36,200,123.35,100,12566010,2023-05-30T14:33:01Z
GOOGL,123.36,,400,123.34,200,12567077,2023-05-30T14:33:02Z
GOOGL,123.35,,100,123.35,300,12567770,2023-05-30T14:33:03Z
GOOGL,123.355,,300,,100,12568968,2023-05-30T14:33:04Z
GOOGL,123.3583,,100,123.34,800,12570147,2023-05-30T14:33:05Z
GOOGL,123.348,123.35,,,200,12570899,2023-05-30T14:33:06Z
GOOGL,123.36,123.38,,123.37,100,12571702,2023-05-30T14:33:07Z
GOOGL,123.37,123.36,500,123.35,,12571810,2023-05-30T14:33:08Z
GOOGL,123.355,123.35,100,123.34,200,12571921,2023-05-30T14:33:09Z
GOOGL,123.34,,,,,12572354,2023-05-30T14:33:10Z
GOOGL,123.345,,,,300,12572754,
GOOGL,123.36,123.37,500,123.35,100,12573453,2023-05-30T14:33:12Z
GOOGL,123.35,123.34,200,123.33,200,12574635,2023-05-30T14:33:13Z
GOOGL,,,300,,400,12574697,
GOOGL,123.3392,,100,,,12574969,2023-05-30T14:33:15Z
GOOGL,123.335,,,,100,12576222,2023-05-30T14:33:16Z
GOOGL,,123.35,200,123.34,400,12576415,
GOOGL,123.34,,,123.33,,12578351,2023-05-30T14:33:18Z
GOOGL,123.345,,,123.34,,12578800,2023-05-30T14:33:19Z
GOOGL,,123.36,100,123.35,100,12579000,2023-05-30T14:33:20Z
GOOGL,123.34,123.35,400,123.34,300,12579440,2023-05-30T14:33:21Z
GOOGL,123.335,,200,,100,12579926,2023-05-30T14:33:22Z
GOOGL,123.355,123.36,300,123.35,200,12583606,2023-05-30T14:33:23Z
GOOGL,123.335,123.34,,123.33,100,12584562,2023-05-30T14:33:24Z
GOOGL,123.325,123.33,200,123.32,300,12586973,2023-05-30T14:33:25Z
GOOGL,123.345,123.35,1000,123.34,400,12587757,2023-05-30T14:33:26Z
GOOGL,,,,,300,12682310,2023-05-30T14:33:27Z
GOOGL,123.32,123.33,200,123.32,,12686795,2023-05-30T14:33:28Z
GOOGL,123.325,,,,100,12687015,
GOOGL,,,100,,200,12687067,
GOOGL,,,200,,100,12687096,
GOOGL,123.33,,300,123.31,300,12688128,2023-05-30T14:33:32Z
GOOGL,123.3,123.3,200,123.29,100,12690091,2023-05-30T14:33:33Z
GOOGL,,,,,,12690228,
GOOGL,123.295,,100,,,12690590,2023-05-30T14:33:35Z
GOOGL,,,400,,,12690621,
GOOGL,,,100,,200,12690634,
GOOGL,123.29,,200,,300,12692458,2023-05-30T14:33:38Z
GOOGL,123.315,123.32,100,123.31,,12693475,2023-05-30T14:33:39Z
GOOGL,123.325,123.33,,123.32,200,12694007,2023-05-30T14:33:40Z
GOOGL,123.32,,200,,100,12694247,2023-05-30T14:33:41Z
GOOGL,,,,,,12694257,
GOOGL,123.3208,,600,,,12694821,2023-05-30T14:33:43Z
GOOGL,123.3226,,200,,,12695206,
GOOGL,123.3201,,,,,12696327,2023-05-30T14:33:45Z
GOOGL,123.23,123.24,,123.22,,12718592,2023-05-30T14:33:46Z
GOOGL,123.2,123.22,100,123.21,,12720612,2023-05-30T14:33:47Z
GOOGL,123.209,123.21,200,123.2,,12722019,2023-05-30T14:33:48Z
GOOGL,123.21,123.22,100,123.21,200,12723068,2023-05-30T14:33:49Z
GOOGL,,,500,123.2,,12724189,2023-05-30T14:33:50Z
GOOGL,123.22,,100,123.21,100,12725577,2023-05-30T14:33:51Z
GOOGL,,,,,,12726357,2023-05-30T14:33:52Z
GOOGL,123.21,123.21,200,123.2,200,12727552,2023-05-30T14:33:53Z
GOOGL,123.2,,500,,100,12727880,2023-05-30T14:33:54Z
GOOGL,,,100,,,12727968,
GOOGL,123.205,123.22,,123.21,,12728286,2023-05-30T14:33:55Z
GOOGL,123.2,123.21,,123.2,,12729195,2023-05-30T14:33:57Z
GOOGL,,,,,,12729320,
GOOGL,123.205,,300,,,12730232,2023-05-30T14:33:59Z
GOOGL,,,,,,12731373,2023-05-30T14:34:00Z
GOOGL,123.2,123.2,800,123.19,,12731897,
GOOGL,123.19,123.19,500,123.18,,12732223,2023-05-30T14:34:02Z
GOOGL,123.1101,123.12,200,123.11,300,12737400,2023-05-30T14:34:03Z
GOOGL,123.13,,500,,,12738020,
GOOGL,123.12,123.15,100,123.14,,12739825,2023-05-30T14:34:04Z
GOOGL,123.13,123.13,,123.12,,12742005,2023-05-30T14:34:06Z
GOOGL,123.14,123.15,,123.14,100,12750983,2023-05-30T14:34:07Z
GOOGL,123.12,123.14,400,123.12,200,12752300,2023-05-30T14:34:08Z
GOOGL,123.15,123.15,200,123.14,100,12752686,2023-05-30T14:34:09Z
GOOGL,,123.16,500,,,12758585,2023-05-30T14:34:10Z
GOOGL,,,400,123.15,200,12760658,2023-05-30T14:34:11Z
GOOGL,123.155,,100,,,12760983,
GOOGL,,,200,,,12761030,
GOOGL,123.15,123.15,,123.14,100,12761451,2023-05-30T14:34:13Z
GOOGL,,123.17,500,123.15,,12761819,2023-05-30T14:34:15Z
GOOGL,123.1503,123.16,200,,,12761961,2023-05-30T14:34:16Z
GOOGL,123.12,123.12,,123.11,,12763397,2023-05-30T14:34:17Z
GOOGL,,123.13,,123.12,,12765169,2023-05-30T14:34:19Z
GOOGL,123.1542,123.16,100,123.15,200,12766635,2023-05-30T14:34:20Z
GOOGL,123.13,123.13,,123.12,100,12768085,2023-05-30T14:34:21Z
GOOGL,123.11,123.11,,123.1,400,12768640,2023-05-30T14:34:22Z
GOOGL,123.1038,,200,,200,12768940,2023-05-30T14:34:23Z
GOOGL,,123.12,100,123.11,100,12769097,
GOOGL,123.1,123.11,200,123.1,200,12770069,2023-05-30T14:34:25Z
GOOGL,123.105,,,,,12770471,2023-05-30T14:34:26Z
GOOGL,,,,,300,12770951,2023-05-30T14:34:27Z
GOOGL,123.13,123.15,400,123.13,200,12775213,2023-05-30T14:34:28Z
GOOGL,123.14,123.14,200,,100,12776519,2023-05-30T14:34:29Z
GOOGL,123.1325,123.15,300,,300,12778211,2023-05-30T14:34:30Z
GOOGL,,123.14,200,,200,12778538,2023-05-30T14:34:31Z
GOOGL,,,100,,,12778659,
GOOGL,123.15,123.16,,123.15,100,12779112,2023-05-30T14:34:33Z
GOOGL,123.165,123.17,200,123.16,200,12779946,2023-05-30T14:34:34Z
GOOGL,123.1994,123.2,300,123.19,,12780900,2023-05-30T14:34:35Z
GOOGL,123.1997,,,,100,12786945,2023-05-30T14:34:36Z
GOOGL,123.24,123.24,100,123.23,300,12788365,2023-05-30T14:34:37Z
GOOGL,123.245,123.25,,123.24,100,12789690,2023-05-30T14:34:38Z
GOOGL,123.25,123.26,,123.25,200,12790036,
GOOGL,,,200,,300,12791145,2023-05-30T14:34:40Z
GOOGL,123.265,123.27,100,123.26,100,12793389,2023-05-30T14:34:41Z
GOOGL,123.3,123.31,,123.29,200,12795272,2023-05-30T14:34:42Z
GOOGL,123.31,,,123.3,,12796384,2023-05-30T14:34:43Z
GOOGL,123.3,,200,,,12797954,2023-05-30T14:34:44Z
GOOGL,123.33,123.34,300,123.32,1200,12799419,2023-05-30T14:34:45Z
GOOGL,123.39,123.4,,123.39,100,12802795,2023-05-30T14:34:46Z
GOOGL,123.3833,123.39,200,123.38,500,12803133,2023-05-30T14:34:47Z
GOOGL,123.3896,,100,,700,12803545,2023-05-30T14:34:48Z
GOOGL,123.39,123.4,200,123.39,500,12804164,2023-05-30T14:34:49Z
GOOGL,123.36,123.37,400,123.35,200,12807283,2023-05-30T14:34:50Z
GOOGL,123.3701,123.38,100,123.37,,12808521,2023-05-30T14:34:51Z
GOOGL,123.395,123.4,300,123.39,100,12808982,2023-05-30T14:34:52Z
GOOGL,123.385,123.39,100,123.38,,12811617,2023-05-30T14:34:53Z
GOOGL,,123.4,600,,,12811772,2023-05-30T14:34:54Z
GOOGL,123.415,123.43,100,123.42,200,12812917,2023-05-30T14:34:55Z
GOOGL,123.425,,300,,100,12813900,2023-05-30T14:34:56Z
GOOGL,,,200,,300,12815502,2023-05-30T14:34:57Z
GOOGL,123.41,123.4,,123.39,100,12817259,2023-05-30T14:34:58Z
GOOGL,123.38,123.36,,123.35,200,12818421,2023-05-30T14:34:59Z
GOOGL,123.3614,123.37,100,123.36,100,12819027,2023-05-30T14:35:00Z
GOOGL,,123.36,400,123.35,200,12819154,
GOOGL,123.33,123.33,100,123.32,100,12822163,2023-05-30T14:35:02Z
GOOGL,123.309,123.31,200,123.3,,12822625,2023-05-30T14:35:03Z
GOOGL,123.305,123.27,100,123.26,,12822901,
GOOGL,123.26,123.26,,123.25,200,12823441,2023-05-30T14:35:05Z
GOOGL,123.28,123.29,,123.28,100,12824068,2023-05-30T14:35:06Z
GOOGL,123.29,,500,,,12824530,
GOOGL,123.2799,123.26,100,123.25,,12824895,2023-05-30T14:35:07Z
GOOGL,123.27,123.28,,123.27,300,12825395,2023-05-30T14:35:09Z
GOOGL,123.29,123.3,,123.29,100,12825712,2023-05-30T14:35:10Z
GOOGL,123.27,123.27,600,123.25,1100,12826881,2023-05-30T14:35:11Z
GOOGL,,,300,123.26,100,12826894,
GOOGL,123.26,123.26,,123.25,1100,12827324,2023-05-30T14:35:13Z
GOOGL,,123.27,200,123.26,100,12827752,
GOOGL,123.265,,,,200,12827873,2023-05-30T14:35:14Z
GOOGL,,,,,300,12827886,
GOOGL,123.2692,,,,,12828081,2023-05-30T14:35:17Z
GOOGL,,,,,,12828092,
GOOGL,123.31,123.33,500,123.31,,12833050,2023-05-30T14:35:19Z
GOOGL,123.32,123.34,100,123.33,100,12834467,2023-05-30T14:35:20Z
GOOGL,123.33,,,123.32,300,12835707,2023-05-30T14:35:21Z
GOOGL,123.3,123.3,300,123.29,200,12841757,2023-05-30T14:35:22Z
GOOGL,123.31,123.31,100,123.3,100,12842978,2023-05-30T14:35:23Z
GOOGL,123.295,123.3,200,123.29,200,12843688,2023-05-30T14:35:24Z
GOOGL,123.3,123.31,100,123.3,100,12843896,2023-05-30T14:35:25Z
GOOGL,,,,123.29,500,12843923,
GOOGL,123.32,123.33,400,123.32,200,12844413,2023-05-30T14:35:27Z
GOOGL,123.325,,100,,100,12844658,
GOOGL,123.315,123.32,,123.31,,12845167,2023-05-30T14:35:29Z
GOOGL,,,,,,12845608,2023-05-30T14:35:30Z
GOOGL,123.32,123.33,200,123.32,200,12846003,
GOOGL,123.34,123.35,100,123.34,400,12847665,2023-05-30T14:35:32Z
GOOGL,123.36,123.37,,123.36,200,12847944,2023-05-30T14:35:33Z
GOOGL,123.3699,,,,,12848049,2023-05-30T14:35:34Z
GOOGL,,,,,,12848063,
GOOGL,123.38,,,,,12848949,2023-05-30T14:35:36Z
GOOGL,123.3675,,,,,12849174,
GOOGL,123.36,,,,,12849866,2023-05-30T14:35:38Z
GOOGL,123.365,,300,,300,12850175,2023-05-30T14:35:39Z
GOOGL,123.3692,,200,,600,12850956,2023-05-30T14:35:41Z
GOOGL,123.37,,,,,12851073,
GOOGL,123.41,123.41,100,123.4,200,12852619,2023-05-30T14:35:43Z
GOOGL,123.4,123.42,300,,,12853047,2023-05-30T14:35:44Z
GOOGL,123.42,123.43,400,123.41,,12854046,2023-05-30T14:35:45Z
GOOGL,,,300,123.42,300,12854232,
GOOGL,123.4292,,100,,,12854637,2023-05-30T14:35:47Z
GOOGL,123.435,123.44,,123.43,200,12855152,2023-05-30T14:35:48Z
GOOGL,123.4416,123.45,1000,123.44,,12855790,2023-05-30T14:35:49Z
GOOGL,123.44,,,,100,12856944,2023-05-30T14:35:50Z
GOOGL,,,,123.43,500,12856960,
GOOGL,,,,,,12857496,2023-05-30T14:35:52Z
GOOGL,,123.44,100,,,12858304,2023-05-30T14:35:53Z
GOOGL,,123.45,1400,123.44,100,12858704,2023-05-30T14:35:54Z
GOOGL,,123.44,300,123.43,200,12859082,2023-05-30T14:35:55Z
GOOGL,123.435,,,,300,12860506,2023-05-30T14:35:56Z
GOOGL,123.44,123.45,1000,123.44,100,12861742,2023-05-30T14:35:57Z
GOOGL,123.475,123.48,100,123.47,,12869532,2023-05-30T14:35:58Z
GOOGL,123.48,,,,400,12871839,2023-05-30T14:35:59Z
GOOGL,123.4722,,200,,600,12874809,2023-05-30T14:36:00Z
GOOGL,123.485,123.49,,123.48,300,12880581,2023-05-30T14:36:01Z
GOOGL,,,300,,100,12882427,2023-05-30T14:36:02Z
GOOGL,123.48,,400,123.47,500,12883874,2023-05-30T14:36:03Z
GOOGL,123.4716,,100,123.48,300,12884984,2023-05-30T14:36:04Z
GOOGL,123.495,123.5,1400,123.49,,12886279,2023-05-30T14:36:05Z
GOOGL,,,,,,12888492,2023-05-30T14:36:06Z
GOOGL,123.4924,,,,400,12889235,2023-05-30T14:36:07Z
GOOGL,123.546,123.55,200,123.54,200,12894974,2023-05-30T14:36:08Z
GOOGL,123.55,123.56,500,123.55,700,12896571,2023-05-30T14:36:09Z
GOOGL,123.595,123.6,400,123.59,200,12900498,2023-05-30T14:36:10Z
GOOGL,123.59,,200,,300,12902383,2023-05-30T14:36:11Z
GOOGL,123.595,,,,200,12902726,2023-05-30T14:36:12Z
GOOGL,,123.59,,123.58,400,12904596,2023-05-30T14:36:13Z
GOOGL,123.59,,100,,,12905805,2023-05-30T14:36:14Z
GOOGL,123.58,,,,,12906163,2023-05-30T14:36:15Z
GOOGL,123.585,,200,,600,12906758,2023-05-30T14:36:16Z
GOOGL,123.5945,123.6,,123.59,400,12907525,2023-05-30T14:36:17Z
GOOGL,123.64,123.65,100,123.64,200,12910453,2023-05-30T14:36:18Z
GOOGL,123.6301,123.64,,123.63,300,12911207,2023-05-30T14:36:19Z
GOOGL,123.6365,123.65,,123.64,100,12911474,
GOOGL,123.645,,,,200,12911589,2023-05-30T14:36:21Z
GOOGL,123.655,123.67,400,123.65,300,12912745,2023-05-30T14:36:23Z
GOOGL,,123.66,100,,200,12913157,
GOOGL,123.69,123.7,200,123.69,100,12914644,2023-05-30T14:36:24Z
GOOGL,123.698,123.71,100,123.7,300,12915465,2023-05-30T14:36:25Z
GOOGL,,123.74,600,123.72,200,12915745,
GOOGL,123.725,,400,123.73,100,12917305,2023-05-30T14:36:27Z
GOOGL,123.785,123.78,200,123.77,,12921329,2023-05-30T14:36:28Z
GOOGL,123.77,,300,,,12921722,2023-05-30T14:36:29Z
GOOGL,,123.79,400,,400,12921948,
GOOGL,123.78,,300,123.78,200,12922192,2023-05-30T14:36:31Z
GOOGL,123.785,,200,,100,12922498,2023-05-30T14:36:32Z
GOOGL,123.74,123.76,100,123.75,,12925564,
GOOGL,123.755,123.77,400,,,12926406,2023-05-30T14:36:34Z
GOOGL,123.76,,300,,,12927073,2023-05-30T14:36:35Z
GOOGL,123.71,123.71,200,123.7,300,12930553,2023-05-30T14:36:36Z
GOOGL,123.725,123.73,,123.72,100,12932573,2023-05-30T14:36:37Z
GOOGL,123.7401,123.75,,123.74,,12933026,2023-05-30T14:36:38Z
GOOGL,,,,123.73,500,12933783,2023-05-30T14:36:39Z
GOOGL,,,,123.74,300,12933940,
GOOGL,123.77,123.8,1400,123.79,100,12935066,2023-05-30T14:36:41Z
GOOGL,123.78,123.79,500,123.77,,12936233,2023-05-30T14:36:42Z
GOOGL,,,400,,200,12937460,2023-05-30T14:36:43Z
GOOGL,,,100,,600,12938421,2023-05-30T14:36:44Z
GOOGL,123.79,,,,,12938739,2023-05-30T14:36:45Z
GOOGL,123.77,,500,,400,12939591,2023-05-30T14:36:46Z
GOOGL,,,,,,12940213,2023-05-30T14:36:47Z
GOOGL,123.785,,400,123.78,100,12940548,2023-05-30T14:36:48Z
GOOGL,123.75,123.75,300,123.74,300,12954299,2023-05-30T14:36:49Z
GOOGL,123.742,,200,,,12955105,2023-05-30T14:36:50Z
GOOGL,123.725,123.73,,123.72,100,12957210,2023-05-30T14:36:51Z
GOOGL,123.7159,123.72,400,123.71,300,12958270,2023-05-30T14:36:52Z
GOOGL,,123.71,200,123.7,,12958622,
GOOGL,123.705,,,,,12958875,2023-05-30T14:36:54Z
GOOGL,,,,,,12958877,
GOOGL,123.725,123.73,300,123.71,500,12961386,2023-05-30T14:36:56Z
GOOGL,123.72,123.72,100,,100,12963649,2023-05-30T14:36:57Z
GOOGL,123.7199,,,,,12963920,2023-05-30T14:36:58Z
GOOGL,123.72,123.74,,123.73,,12964248,2023-05-30T14:36:59Z
GOOGL,123.715,123.72,,123.71,,12964799,2023-05-30T14:37:00Z
GOOGL,123.7102,123.73,500,,,12965234,2023-05-30T14:37:01Z
GOOGL,123.72,123.72,200,123.7,400,12965396,2023-05-30T14:37:02Z
GOOGL,123.715,,100,123.71,200,12965848,2023-05-30T14:37:03Z
GOOGL,,,,123.7,400,12965906,
GOOGL,123.685,123.69,,123.68,100,12968616,2023-05-30T14:37:05Z
GOOGL,123.7068,123.72,300,123.7,400,12969024,2023-05-30T14:37:06Z
GOOGL,123.69,123.7,500,123.68,,12971141,2023-05-30T14:37:07Z
GOOGL,,,200,123.69,100,12971662,2023-05-30T14:37:08Z
GOOGL,123.7,,500,123.68,500,12974032,
GOOGL,123.72,123.73,200,123.72,100,12976234,2023-05-30T14:37:10Z
GOOGL,123.725,,,,,12976761,2023-05-30T14:37:11Z
GOOGL,123.74,123.75,100,123.74,,12977996,2023-05-30T14:37:12Z
GOOGL,123.742,,,,,12978388,2023-05-30T14:37:13Z
GOOGL,123.76,123.77,200,123.76,,12979101,2023-05-30T14:37:14Z
GOOGL,123.78,123.79,800,123.77,,12979489,2023-05-30T14:37:15Z
GOOGL,,,,123.78,200,12980676,2023-05-30T14:37:17Z
GOOGL,123.7701,,,123.77,,12980911,
GOOGL,123.775,123.78,300,,,12981600,2023-05-30T14:37:18Z
GOOGL,123.7808,123.79,900,123.78,100,12982154,2023-05-30T14:37:19Z
GOOGL,123.78,,,,,12983291,2023-05-30T14:37:20Z
GOOGL,123.779,123.78,300,123.76,300,12986536,2023-05-30T14:37:21Z
GOOGL,123.78,123.79,500,123.77,200,12986862,2023-05-30T14:37:22Z
GOOGL,123.765,123.77,300,123.76,100,12987836,2023-05-30T14:37:23Z
GOOGL,,,100,,,12988304,2023-05-30T14:37:24Z
GOOGL,123.7719,123.78,,123.77,,12989016,
GOOGL,123.77,,300,,200,12989535,2023-05-30T14:37:26Z
GOOGL,123.775,,,,,12991038,2023-05-30T14:37:27Z
GOOGL,,,,,,12991042,
GOOGL,123.77,,400,,100,12991347,2023-05-30T14:37:29Z
GOOGL,123.73,123.74,200,123.72,600,13003299,2023-05-30T14:37:30Z
GOOGL,123.75,123.76,100,123.74,700,13004015,2023-05-30T14:37:31Z
GOOGL,123.78,123.79,,123.78,200,13004194,2023-05-30T14:37:32Z
GOOGL,123.7815,,,,,13005432,2023-05-30T14:37:33Z
GOOGL,123.7882,,,,300,13006107,2023-05-30T14:37:34Z
GOOGL,123.785,,300,,400,13006610,2023-05-30T14:37:35Z
GOOGL,123.79,123.8,800,123.79,100,13007400,2023-05-30T14:37:36Z
GOOGL,,,1000,,,13007586,
GOOGL,123.795,,,123.78,600,13008644,2023-05-30T14:37:38Z
GOOGL,123.78,,1200,,200,13012071,2023-05-30T14:37:39Z
GOOGL,123.79,,,,400,13014430,2023-05-30T14:37:40Z
GOOGL,,,,,,13014556,2023-05-30T14:37:41Z
GOOGL,123.785,123.79,700,,300,13015376,2023-05-30T14:37:42Z
GOOGL,123.775,123.78,300,123.77,100,13016978,2023-05-30T14:37:43Z
GOOGL,123.78,123.79,800,,300,13017426,2023-05-30T14:37:44Z
GOOGL,,,,,200,13018207,2023-05-30T14:37:45Z
GOOGL,123.785,,,123.78,100,13019142,2023-05-30T14:37:46Z
GOOGL,123.755,123.76,300,123.75,,13023612,2023-05-30T14:37:47Z
GOOGL,123.765,123.77,200,,600,13024271,2023-05-30T14:37:48Z
GOOGL,123.74,123.75,1000,123.74,100,13025291,2023-05-30T14:37:49Z
GOOGL,123.75,123.77,400,123.75,700,13026822,2023-05-30T14:37:50Z
GOOGL,123.77,123.78,100,123.77,100,13027558,2023-05-30T14:37:51Z
GOOGL,,,,,,13027666,
GOOGL,,,,,200,13028120,2023-05-30T14:37:52Z
GOOGL,,,,,,13028164,
GOOGL,123.75,123.75,,123.74,100,13029892,2023-05-30T14:37:55Z
GOOGL,123.74,,,,200,13030030,2023-05-30T14:37:56Z
GOOGL,123.7449,,,,,13030679,2023-05-30T14:37:57Z
GOOGL,123.74,,400,123.73,,13031587,2023-05-30T14:37:58Z
GOOGL,,123.74,1000,,100,13098146,2023-05-30T14:37:59Z
GOOGL,123.732,,,,300,13098275,
GOOGL,123.725,123.72,200,123.71,100,13102544,2023-05-30T14:38:01Z
GOOGL,123.715,,100,,200,13102715,
GOOGL,123.71,,,,100,13107109,2023-05-30T14:38:03Z
GOOGL,123.715,,,,,13107229,2023-05-30T14:38:04Z
GOOGL,123.71,,,123.7,500,13107838,
GOOGL,123.715,,,,,13109028,2023-05-30T14:38:06Z
GOOGL,123.72,123.73,300,123.71,100,13109915,2023-05-30T14:38:07Z
GOOGL,123.695,123.71,200,123.69,400,13111637,2023-05-30T14:38:08Z
GOOGL,123.7,,500,,100,13112615,2023-05-30T14:38:09Z
GOOGL,123.705,,200,123.7,,13113712,2023-05-30T14:38:10Z
GOOGL,123.6707,123.68,300,123.67,200,13116305,2023-05-30T14:38:11Z
GOOGL,123.7,123.71,200,123.69,400,13117860,2023-05-30T14:38:12Z
GOOGL,123.71,123.72,100,123.71,300,13118774,2023-05-30T14:38:13Z
GOOGL,123.715,,300,,,13119088,2023-05-30T14:38:14Z
GOOGL,,,100,,400,13122849,2023-05-30T14:38:15Z
GOOGL,123.75,123.75,,123.74,200,13124416,2023-05-30T14:38:16Z
GOOGL,123.72,123.72,200,123.71,100,13125398,2023-05-30T14:38:17Z
GOOGL,123.695,123.7,100,123.68,200,13126188,2023-05-30T14:38:18Z
GOOGL,123.7,,,123.69,100,13126511,2023-05-30T14:38:19Z
GOOGL,,123.71,,123.7,,13126541,
GOOGL,,,,123.69,300,13127545,2023-05-30T14:38:21Z
GOOGL,,123.7,,,200,13127566,
GOOGL,,123.71,400,,,13127567,
GOOGL,123.69,123.7,,123.68,100,13128167,2023-05-30T14:38:24Z
GOOGL,123.68,123.68,100,123.67,200,13128348,
GOOGL,123.7,123.72,200,123.7,300,13128734,2023-05-30T14:38:26Z
GOOGL,,,100,123.71,200,13128753,
GOOGL,123.715,123.73,200,123.72,,13129117,2023-05-30T14:38:28Z
GOOGL,123.73,123.74,100,123.73,300,13129560,
GOOGL,,,,,,13129575,
GOOGL,123.7738,123.79,,123.78,,13131092,2023-05-30T14:38:30Z
GOOGL,123.77,,400,123.77,100,13132075,2023-05-30T14:38:32Z
GOOGL,,123.77,,123.75,200,13136820,2023-05-30T14:38:33Z
GOOGL,123.755,123.76,100,,400,13142770,2023-05-30T14:38:34Z
GOOGL,123.76,123.77,200,,500,13146173,2023-05-30T14:38:35Z
GOOGL,,,,,,13146577,2023-05-30T14:38:36Z
GOOGL,,,100,123.76,400,13146628,
GOOGL,123.78,123.79,400,123.77,900,13147603,2023-05-30T14:38:38Z
GOOGL,123.77,123.78,100,,,13149116,2023-05-30T14:38:39Z
GOOGL,,123.79,400,,,13149230,
GOOGL,123.765,123.77,100,123.76,400,13153590,2023-05-30T14:38:41Z
GOOGL,,,,,,13153655,
GOOGL,123.76,,500,,,13153830,2023-05-30T14:38:43Z
GOOGL,123.78,123.8,1000,123.78,500,13154442,2023-05-30T14:38:44Z
GOOGL,123.79,123.79,300,,,13154577,
GOOGL,,,,,,13154669,
GOOGL,123.785,,800,123.77,200,13158511,2023-05-30T14:38:47Z
GOOGL,123.78,,300,,1000,13158673,2023-05-30T14:38:48Z
GOOGL,123.77,123.77,200,123.76,200,13159287,2023-05-30T14:38:49Z
GOOGL,123.76,,100,,,13159413,2023-05-30T14:38:50Z
GOOGL,,123.78,200,,100,13159417,
GOOGL,123.765,123.77,1000,,200,13160337,2023-05-30T14:38:53Z
GOOGL,,,1100,,,13160363,
GOOGL,,,1000,,300,13160395,
GOOGL,,,,,,13160400,
GOOGL,123.7699,,,,,13160659,2023-05-30T14:38:57Z
GOOGL,123.755,123.76,400,123.74,1300,13161633,2023-05-30T14:38:58Z
GOOGL,,,200,,,13161900,
GOOGL,123.76,123.77,1000,123.76,100,13162408,2023-05-30T14:39:00Z
GOOGL,,,,,,13162411,
GOOGL,123.77,123.78,500,123.77,200,13163731,2023-05-30T14:39:01Z
GOOGL,,,,,,13163734,
GOOGL,123.7777,,,,,13163839,2023-05-30T14:39:03Z
GOOGL,123.79,123.79,400,123.78,100,13167806,2023-05-30T14:39:05Z
GOOGL,123.775,,,,,13168526,
GOOGL,123.76,123.76,100,123.75,200,13171049,2023-05-30T14:39:07Z
GOOGL,,,,,100,13171072,
GOOGL,123.7702,123.79,200,123.77,200,13172137,2023-05-30T14:39:09Z
GOOGL,123.76,123.77,400,123.75,100,13172395,2023-05-30T14:39:10Z
GOOGL,,,100,,300,13172447,
GOOGL,123.78,123.79,200,123.77,400,13172815,2023-05-30T14:39:12Z
GOOGL,,,100,,500,13172953,
GOOGL,123.7737,,200,,,13173857,2023-05-30T14:39:14Z
GOOGL,,,,123.78,100,13173891,
GOOGL,123.785,,100,,,13176581,2023-05-30T14:39:15Z
GOOGL,,,,,200,13176839,2023-05-30T14:39:17Z
GOOGL,123.79,123.8,900,,500,13177900,2023-05-30T14:39:18Z
GOOGL,123.7911,,,,400,13178019,
GOOGL,123.79,,,123.79,100,13178204,2023-05-30T14:39:19Z
GOOGL,,,,,200,13178552,2023-05-30T14:39:21Z
GOOGL,,,,,300,13179058,
GOOGL,,,,123.78,500,13181481,2023-05-30T14:39:23Z
GOOGL,,,800,123.79,100,13181788,
GOOGL,,,,,,13181904,2023-05-30T14:39:24Z
GOOGL,,,,,,13181933,
GOOGL,123.795,,,,,13182088,2023-05-30T14:39:27Z
GOOGL,123.86,123.87,400,123.85,200,13188972,2023-05-30T14:39:28Z
GOOGL,123.8533,,,123.86,100,13189376,
GOOGL,123.8373,123.84,200,123.83,200,13192650,2023-05-30T14:39:30Z
GOOGL,123.82,123.83,100,123.82,300,13193939,2023-05-30T14:39:31Z
GOOGL,123.85,123.86,,123.85,100,13194672,2023-05-30T14:39:32Z
GOOGL,,,,,,13194736,
GOOGL,123.82,123.83,200,123.82,200,13197520,2023-05-30T14:39:34Z
GOOGL,,123.82,100,123.81,100,13197808,2023-05-30T14:39:35Z
GOOGL,123.8,123.81,300,123.8,,13198729,2023-05-30T14:39:37Z
GOOGL,123.8199,123.82,,,,13198840,
GOOGL,123.795,123.8,100,123.79,,13203695,2023-05-30T14:39:38Z
GOOGL,123.77,123.78,300,123.76,300,13205251,2023-05-30T14:39:39Z
GOOGL,123.75,123.76,200,123.74,200,13205641,2023-05-30T14:39:40Z
GOOGL,123.74,123.75,,,100,13207385,2023-05-30T14:39:41Z
GOOGL,123.73,123.74,400,123.72,700,13208899,2023-05-30T14:39:42Z
GOOGL,,,200,123.73,200,13209143,2023-05-30T14:39:43Z
GOOGL,,,,,,13209169,
GOOGL,,,,,,13209273,
GOOGL,123.74,123.75,,123.74,,13209816,2023-05-30T14:39:46Z
GOOGL,123.72,123.74,,123.73,100,13210755,2023-05-30T14:39:47Z
GOOGL,,,300,,,13210766,
GOOGL,,,400,,,13210770,
GOOGL,123.71,123.71,300,123.7,1200,13211527,2023-05-30T14:39:50Z
GOOGL,123.69,123.69,200,123.67,200,13213675,2023-05-30T14:39:51Z
GOOGL,,123.68,,,100,13214184,
GOOGL,123.675,,300,,,13215453,2023-05-30T14:39:53Z
GOOGL,123.69,123.7,,123.68,300,13216515,
GOOGL,123.68,123.68,100,123.67,100,13216747,2023-05-30T14:39:55Z
GOOGL,123.7,123.71,,123.7,,13217458,2023-05-30T14:39:56Z
GOOGL,123.7145,123.72,400,,,13217725,2023-05-30T14:39:57Z
GOOGL,,,,,200,13217799,
GOOGL,123.7,123.71,300,123.69,,13222551,2023-05-30T14:40:00Z
GOOGL,123.69,123.72,100,123.71,100,13223620,
GOOGL,,,,,,13223727,
GOOGL,123.7126,123.73,200,,300,13225060,2023-05-30T14:40:02Z
GOOGL,123.71,123.72,100,,100,13225252,
GOOGL,123.7199,123.73,200,,,13225411,2023-05-30T14:40:04Z
GOOGL,,,,123.72,,13225455,
GOOGL,123.7,123.72,500,123.7,,13225976,2023-05-30T14:40:06Z
GOOGL,123.725,,400,123.71,,13226156,2023-05-30T14:40:07Z
GOOGL,123.69,123.68,200,123.67,,13228275,2023-05-30T14:40:08Z
GOOGL,,123.7,,123.68,300,13229856,2023-05-30T14:40:09Z
GOOGL,123.7,123.71,600,123.69,200,13232172,2023-05-30T14:40:10Z
GOOGL,,,500,,,13232583,2023-05-30T14:40:11Z
GOOGL,123.68,123.68,100,123.67,100,13233310,2023-05-30T14:40:12Z
GOOGL,,123.7,500,123.68,300,13234973,2023-05-30T14:40:13Z
GOOGL,123.67,123.68,,123.66,200,13236392,2023-05-30T14:40:14Z
GOOGL,123.6699,123.67,100,,100,13236505,2023-05-30T14:40:15Z
GOOGL,123.67,123.68,1300,,300,13236836,2023-05-30T14:40:16Z
GOOGL,123.65,123.65,100,123.64,100,13237889,2023-05-30T14:40:17Z
GOOGL,,123.67,,123.66,200,13238256,2023-05-30T14:40:18Z
GOOGL,123.66,123.66,200,123.64,400,13239534,2023-05-30T14:40:19Z
GOOGL,123.65,,1000,,700,13240338,2023-05-30T14:40:21Z
GOOGL,123.655,,,,200,13241844,
GOOGL,,,400,,300,13243611,2023-05-30T14:40:22Z
GOOGL,123.66,123.67,200,123.66,100,13243938,2023-05-30T14:40:23Z
GOOGL,,,,,1100,13244068,
GOOGL,123.68,123.71,,123.7,200,13245795,2023-05-30T14:40:26Z
GOOGL,123.7,123.7,100,123.69,100,13246791,2023-05-30T14:40:27Z
GOOGL,123.68,,400,123.68,,13247767,2023-05-30T14:40:28Z
GOOGL,,,200,123.69,,13247774,
GOOGL,,,300,123.68,200,13248940,2023-05-30T14:40:30Z
GOOGL,123.7,123.74,200,123.72,400,13250328,2023-05-30T14:40:31Z
GOOGL,123.73,123.75,600,123.73,100,13251054,2023-05-30T14:40:32Z
GOOGL,,,100,,700,13251088,
GOOGL,123.72,123.74,,123.72,300,13252921,2023-05-30T14:40:34Z
GOOGL,,,500,,100,13253075,
GOOGL,123.7217,123.73,100,123.71,700,13253718,2023-05-30T14:40:36Z
GOOGL,,,300,,500,13253721,
GOOGL,123.7,123.71,,123.69,100,13254310,2023-05-30T14:40:37Z
GOOGL,123.72,123.74,400,123.72,,13254831,2023-05-30T14:40:39Z
GOOGL,123.7295,123.73,200,123.71,200,13255408,2023-05-30T14:40:40Z
GOOGL,,123.72,300,123.7,700,,
GOOGL,123.71,,400,123.71,100,13259633,2023-05-30T14:40:43Z
GOOGL,,,,123.7,,13259741,
GOOGL,123.7,123.73,100,123.71,200,13260446,2023-05-30T14:40:45Z
GOOGL,,,200,,100,13260447,
GOOGL,,,,,,13260507,
GOOGL,,123.74,300,123.72,200,13260543,
GOOGL,123.7436,123.76,200,123.73,700,13261251,2023-05-30T14:40:49Z
GOOGL,,,,123.74,200,13261366,
GOOGL,123.745,123.75,100,,100,13261558,2023-05-30T14:40:50Z
GOOGL,,,,,200,13261560,
GOOGL,123.72,123.72,200,123.71,600,13262749,2023-05-30T14:40:53Z
GOOGL,,123.73,300,,200,13263093,2023-05-30T14:40:54Z
GOOGL,123.71,123.72,100,123.7,400,13264468,
GOOGL,123.7,123.7,,123.69,300,13264782,2023-05-30T14:40:56Z
GOOGL,,123.71,,123.7,100,13265057,2023-05-30T14:40:57Z
GOOGL,123.71,123.73,500,123.71,200,13265636,2023-05-30T14:40:58Z
GOOGL,,,400,,100,13265640,
GOOGL,123.7,123.71,200,123.69,500,13266178,2023-05-30T14:41:00Z
GOOGL,123.6902,123.7,300,,100,13268608,2023-05-30T14:41:01Z
GOOGL,123.7295,123.74,500,123.72,300,13269759,2023-05-30T14:41:02Z
GOOGL,123.7163,123.73,300,123.7,700,13270290,2023-05-30T14:41:04Z
GOOGL,123.7,123.71,200,,500,13270759,
GOOGL,123.67,123.68,,123.66,,13280205,2023-05-30T14:41:05Z
GOOGL,,,300,,300,13280210,
GOOGL,123.66,,,,200,13280344,2023-05-30T14:41:07Z
GOOGL,,123.67,200,,100,13281697,2023-05-30T14:41:08Z
GOOGL,123.645,123.65,500,123.64,,13283091,2023-05-30T14:41:09Z
GOOGL,123.625,123.64,100,123.62,400,13283635,
GOOGL,123.64,,,123.63,100,13283831,2023-05-30T14:41:11Z
GOOGL,,123.65,400,,,13284194,2023-05-30T14:41:12Z
GOOGL,123.63,123.64,200,123.62,200,13284445,2023-05-30T14:41:13Z
GOOGL,,123.65,400,123.63,100,13285110,2023-05-30T14:41:15Z
GOOGL,,,,,,13285422,2023-05-30T14:41:16Z
GOOGL,123.65,123.66,200,123.64,200,13286143,2023-05-30T14:41:18Z
GOOGL,123.6406,,100,123.65,100,13286827,2023-05-30T14:41:19Z
GOOGL,123.66,123.67,200,123.66,,13287322,2023-05-30T14:41:20Z
GOOGL,,123.68,400,,,13287428,
GOOGL,123.65,123.66,100,123.64,300,13288829,2023-05-30T14:41:21Z
GOOGL,,,,123.65,100,13288885,
GOOGL,123.66,123.67,200,,300,13289151,2023-05-30T14:41:24Z
GOOGL,,123.65,100,123.64,200,13289309,
GOOGL,,123.67,200,123.65,100,13290718,2023-05-30T14:41:25Z
GOOGL,123.68,123.69,400,123.67,300,13291483,2023-05-30T14:41:27Z
GOOGL,,,300,,400,13291510,
GOOGL,123.685,,200,123.68,200,13292069,2023-05-30T14:41:29Z
GOOGL,,,,,100,13292233,
GOOGL,123.68,,,123.67,200,13292586,2023-05-30T14:41:30Z
GOOGL,,123.68,600,,300,13292591,
GOOGL,123.675,123.65,100,123.64,200,13295665,2023-05-30T14:41:32Z
GOOGL,123.6436,123.66,300,,400,13296265,2023-05-30T14:41:34Z
GOOGL,123.605,123.61,100,123.6,200,13297504,2023-05-30T14:41:35Z
GOOGL,123.59,123.6,300,123.58,400,13298689,
GOOGL,123.591,,200,123.59,100,13299007,2023-05-30T14:41:37Z
GOOGL,123.5904,123.58,,123.57,,13299456,2023-05-30T14:41:38Z
GOOGL,123.55,123.57,500,123.55,800,13300402,2023-05-30T14:41:40Z
GOOGL,123.5527,123.56,100,,700,13300553,
GOOGL,123.5458,123.55,,123.54,300,13302114,2023-05-30T14:41:41Z
GOOGL,123.545,,,,200,13302282,2023-05-30T14:41:42Z
GOOGL,123.53,,,,,13303497,2023-05-30T14:41:43Z
GOOGL,,,300,123.53,400,13303704,
GOOGL,,123.57,400,123.55,200,13305784,2023-05-30T14:41:45Z
GOOGL,123.56,123.56,100,,300,13306290,2023-05-30T14:41:47Z
GOOGL,123.54,123.55,,123.54,,13307923,2023-05-30T14:41:48Z
GOOGL,,,200,,200,13307984,
GOOGL,123.55,123.56,100,123.55,,13308355,2023-05-30T14:41:50Z
GOOGL,123.58,123.59,200,123.58,,13311918,2023-05-30T14:41:51Z
GOOGL,123.59,123.6,300,,400,13312537,2023-05-30T14:41:52Z
GOOGL,,,100,,700,13312818,
GOOGL,123.5999,,,123.59,100,13313330,2023-05-30T14:41:54Z
GOOGL,123.59,,,,,13313615,
GOOGL,,,400,,200,13315295,2023-05-30T14:41:55Z
GOOGL,123.57,123.56,100,123.55,100,13317758,2023-05-30T14:41:56Z
GOOGL,123.6,123.61,200,123.59,300,13318695,2023-05-30T14:41:58Z
GOOGL,123.6234,123.64,,123.62,100,13319009,2023-05-30T14:41:59Z
GOOGL,,123.63,300,123.61,500,13319122,
GOOGL,123.64,123.66,200,123.64,100,13319488,2023-05-30T14:42:01Z
GOOGL,123.65,123.64,500,123.62,200,13319630,
GOOGL,123.6426,123.66,200,123.64,,13320176,2023-05-30T14:42:03Z
GOOGL,123.63,123.64,600,123.62,300,13320915,2023-05-30T14:42:04Z
GOOGL,123.645,123.65,100,123.64,200,13321063,2023-05-30T14:42:05Z
GOOGL,123.67,123.67,400,123.66,,13321730,2023-05-30T14:42:06Z
GOOGL,123.66,,300,,,13322041,2023-05-30T14:42:07Z
GOOGL,123.665,,,,300,13322148,
GOOGL,123.645,123.65,100,123.64,200,13323638,2023-05-30T14:42:10Z
GOOGL,123.6497,,,,100,13323790,2023-05-30T14:42:11Z
GOOGL,123.65,123.67,,123.66,,13324284,2023-05-30T14:42:12Z
GOOGL,123.67,123.69,200,123.67,,13324506,
GOOGL,123.65,123.66,500,123.64,300,13324992,2023-05-30T14:42:14Z
GOOGL,,123.68,100,123.66,400,13325106,
GOOGL,123.69,123.69,500,123.68,500,13328781,2023-05-30T14:42:16Z
GOOGL,123.67,123.68,,123.66,200,13333701,
GOOGL,,,300,123.67,,13333929,2023-05-30T14:42:18Z
GOOGL,,,400,,300,13333937,
GOOGL,123.675,,,,,13336214,2023-05-30T14:42:20Z
GOOGL,,,,,,13336215,
GOOGL,123.63,123.64,100,123.63,100,13337940,2023-05-30T14:42:22Z
GOOGL,,,500,123.62,300,13338198,
GOOGL,123.66,123.68,,123.66,200,13338786,2023-05-30T14:42:24Z
GOOGL,,123.66,300,123.65,100,13339058,
GOOGL,123.655,,200,,,13339597,2023-05-30T14:42:25Z
GOOGL,123.65,,100,,,13340095,2023-05-30T14:42:27Z
GOOGL,123.6555,,,,,13340296,2023-05-30T14:42:28Z
GOOGL,123.65,123.65,200,123.63,400,13340851,2023-05-30T14:42:29Z
GOOGL,,123.64,500,123.62,100,13340857,
GOOGL,123.64,123.65,100,123.64,,13341224,2023-05-30T14:42:31Z
GOOGL,,,,,,13341247,
GOOGL,,,,,200,13341298,
GOOGL,123.65,,,,,13341975,2023-05-30T14:42:33Z
GOOGL,,,,,100,13342006,
GOOGL,,123.66,,123.65,200,13342189,2023-05-30T14:42:36Z
GOOGL,123.69,123.7,600,123.69,100,13342744,
GOOGL,123.6893,,1000,123.68,200,13343191,2023-05-30T14:42:38Z
GOOGL,,,600,123.69,,13343239,
GOOGL,123.72,123.73,300,123.71,300,13347215,2023-05-30T14:42:40Z
GOOGL,123.71,123.71,200,123.7,100,13350017,2023-05-30T14:42:41Z
GOOGL,,123.72,400,,,13350563,
GOOGL,123.7,123.7,,123.69,200,13352182,2023-05-30T14:42:42Z
GOOGL,123.68,123.68,100,123.67,,13353021,2023-05-30T14:42:43Z
GOOGL,,,200,,100,13354419,2023-05-30T14:42:45Z
GOOGL,,123.67,,123.66,200,13354776,
GOOGL,123.67,123.68,,123.67,,13357695,2023-05-30T14:42:47Z
GOOGL,,,100,,,13357796,
GOOGL,123.655,123.66,,123.65,100,13358656,2023-05-30T14:42:49Z
GOOGL,123.652,,400,,,13358858,
GOOGL,123.6,123.63,300,123.61,500,13366046,2023-05-30T14:42:51Z
GOOGL,123.63,123.64,,123.62,200,13366322,
GOOGL,123.64,123.65,200,123.64,300,13368176,2023-05-30T14:42:53Z
GOOGL,,123.63,300,123.62,,13368412,
GOOGL,,,400,,200,13368478,
GOOGL,123.62,,,,,13369810,2023-05-30T14:42:56Z
GOOGL,123.61,,600,123.61,,13370783,
GOOGL,123.625,,400,123.62,100,13371815,2023-05-30T14:42:57Z
GOOGL,123.62,,,,200,13372066,2023-05-30T14:42:58Z
GOOGL,,,500,123.61,400,13372386,2023-05-30T14:42:59Z
GOOGL,123.64,123.65,300,123.63,,13373665,2023-05-30T14:43:01Z
GOOGL,123.61,123.62,200,123.61,100,13374914,2023-05-30T14:43:02Z
GOOGL,123.65,123.66,100,123.65,,13375462,2023-05-30T14:43:03Z
GOOGL,,,,,200,13375488,
GOOGL,123.6,123.61,300,123.59,300,13375723,2023-05-30T14:43:05Z
GOOGL,,123.62,,123.6,200,13375727,
GOOGL,123.61,,200,,300,13376963,2023-05-30T14:43:07Z
GOOGL,,,600,,100,13377190,
GOOGL,,,200,123.61,,13377226,
GOOGL,,,400,123.6,,13377648,2023-05-30T14:43:10Z
GOOGL,,,200,123.61,,13377872,
GOOGL,,,300,123.6,200,13377927,
GOOGL,,,500,,100,13378440,2023-05-30T14:43:12Z
GOOGL,,123.61,300,123.59,300,13378578,
GOOGL,123.6,123.62,500,123.6,,13378998,2023-05-30T14:43:14Z
GOOGL,123.61,,,123.61,100,13379174,2023-05-30T14:43:15Z
GOOGL,123.6,123.61,400,123.59,400,13379898,2023-05-30T14:43:16Z
GOOGL,123.595,123.6,100,,100,13381429,2023-05-30T14:43:18Z
GOOGL,,,,,,13381571,
GOOGL,123.64,123.65,,123.64,200,13383891,2023-05-30T14:43:20Z
GOOGL,123.66,123.68,300,123.66,300,13384207,
GOOGL,123.67,,100,123.67,200,13385608,2023-05-30T14:43:22Z
GOOGL,123.6799,,,,100,13386233,
GOOGL,123.69,123.69,,123.68,200,13388885,2023-05-30T14:43:24Z
GOOGL,123.68,,200,,100,13390209,2023-05-30T14:43:25Z
GOOGL,123.69,,400,123.67,200,13390867,2023-05-30T14:43:26Z
GOOGL,123.67,,,,300,13391079,
GOOGL,,123.67,200,123.66,200,13391409,2023-05-30T14:43:28Z
GOOGL,123.68,123.69,500,123.67,300,13391873,
GOOGL,123.67,123.68,100,,100,13393407,2023-05-30T14:43:30Z
GOOGL,123.68,123.69,400,,200,13395351,
GOOGL,,,,,,13395376,
GOOGL,123.64,123.65,100,123.64,,13397018,2023-05-30T14:43:32Z
GOOGL,,,300,123.63,700,13397618,2023-05-30T14:43:34Z
GOOGL,123.65,123.66,,123.64,300,13397819,2023-05-30T14:43:35Z
GOOGL,123.64,123.65,,,100,13398548,2023-05-30T14:43:36Z
GOOGL,123.635,,500,123.63,400,13398705,2023-05-30T14:43:37Z
GOOGL,,,,,500,13399410,2023-05-30T14:43:38Z
GOOGL,,,300,,600,13399474,
GOOGL,123.64,,700,,100,13401327,2023-05-30T14:43:40Z
GOOGL,,123.62,100,123.61,,13401669,
GOOGL,123.61,,500,123.6,400,13402144,2023-05-30T14:43:42Z
GOOGL,123.655,123.66,100,123.65,700,13408691,2023-05-30T14:43:43Z
GOOGL,123.66,123.68,300,123.66,300,13409713,
GOOGL,123.68,123.69,100,123.68,200,13411581,2023-05-30T14:43:45Z
GOOGL,,,,,300,13411640,
GOOGL,123.685,,,,500,13411808,2023-05-30T14:43:46Z
GOOGL,123.7,123.71,,123.7,200,13414988,2023-05-30T14:43:48Z
GOOGL,123.705,,,,300,13416094,
GOOGL,,,,,,13416500,2023-05-30T14:43:50Z
GOOGL,123.7125,,200,,100,13422931,2023-05-30T14:43:51Z
GOOGL,123.72,123.72,100,123.71,,13424663,2023-05-30T14:43:52Z
GOOGL,,,,,200,13424769,
GOOGL,,,,,,13424875,
GOOGL,123.75,123.76,200,123.75,,13427230,2023-05-30T14:43:55Z
GOOGL,123.745,123.75,100,123.74,,13429605,
