,Time,VolumeSum,Long,Short,Buy Action,Sell Action,Last,BUY,SELL,Gain
0,2023-06-09T14:46:30Z,False,False,False,False,False,248.125,248.12,248.09,
1,2023-06-09T14:46:40Z,False,False,False,False,False,247.8899,247.85,247.81,
2,2023-06-09T14:46:50Z,False,False,False,False,False,247.7001,247.7,247.68,
3,2023-06-09T14:47:00Z,False,False,False,False,False,247.7,247.79,247.74,
4,2023-06-09T14:47:10Z,False,False,False,False,False,247.7123,247.7,247.67,
5,2023-06-09T14:47:20Z,False,False,False,False,False,247.6986,247.7,247.67,
6,2023-06-09T14:47:30Z,False,False,False,False,False,247.7799,247.71,247.68,
7,2023-06-09T14:47:40Z,False,False,False,False,False,247.85,247.92,247.88,
8,2023-06-09T14:47:50Z,False,False,False,False,False,247.82,247.86,247.82,
9,2023-06-09T14:48:00Z,False,False,False,False,False,247.045,246.99,246.98,
10,2023-06-09T14:48:10Z,False,False,False,False,False,247.35,247.42,247.39,
11,2023-06-09T14:48:20Z,False,False,False,False,False,247.3148,247.32,247.3,
12,2023-06-09T14:48:30Z,False,False,False,False,False,247.34,247.37,247.32,
13,2023-06-09T14:48:40Z,False,False,False,False,False,247.4426,247.43,247.4,
14,2023-06-09T14:48:50Z,False,False,False,False,False,247.7953,247.86,247.84,
15,2023-06-09T14:49:00Z,False,False,False,False,False,247.94,247.99,247.95,
16,2023-06-09T14:49:10Z,False,False,False,False,False,247.8,247.91,247.87,
17,2023-06-09T14:49:20Z,False,False,False,False,False,247.72,247.84,247.8,
18,2023-06-09T14:49:30Z,False,False,False,False,False,247.71,247.79,247.75,
19,2023-06-09T14:49:40Z,False,False,False,False,False,247.7801,247.83,247.79,
20,2023-06-09T14:49:50Z,False,False,False,False,False,247.59,247.56,247.5,
21,2023-06-09T14:50:00Z,False,False,False,False,False,247.27,247.34,247.29,
22,2023-06-09T14:50:10Z,False,False,False,False,False,247.18,247.21,247.15,
23,2023-06-09T14:50:20Z,False,False,False,False,False,247.5099,247.56,247.53,
24,2023-06-09T14:50:30Z,False,False,False,False,False,247.44,247.44,247.39,
25,2023-06-09T14:50:40Z,False,False,False,False,False,247.3414,247.34,247.3,
26,2023-06-09T14:50:50Z,False,False,False,False,False,246.72,246.72,246.67,
27,2023-06-09T14:51:00Z,False,False,False,False,False,246.9699,246.95,246.91,
28,2023-06-09T14:51:10Z,False,False,False,False,False,246.83,246.91,246.87,
29,2023-06-09T14:51:20Z,False,False,False,False,False,246.4057,246.35,246.34,
30,2023-06-09T14:51:30Z,False,False,False,False,False,246.5399,246.63,246.6,
31,2023-06-09T14:51:40Z,False,False,False,False,False,246.435,246.55,246.52,
32,2023-06-09T14:51:50Z,False,False,False,False,False,246.46,246.51,246.47,
33,2023-06-09T14:52:00Z,False,False,False,False,False,246.32,246.34,246.32,
34,2023-06-09T14:52:10Z,False,False,False,False,False,246.38,246.46,246.44,
35,2023-06-09T14:52:20Z,False,False,False,False,False,246.475,246.55,246.51,
36,2023-06-09T14:52:30Z,False,False,False,False,False,246.332,246.32,246.29,
37,2023-06-09T14:52:40Z,False,False,False,False,False,246.159,246.2,246.18,
38,2023-06-09T14:52:50Z,False,False,False,False,False,246.06,246.08,246.06,
39,2023-06-09T14:53:00Z,False,False,False,False,False,246.001,246.05,246.02,
40,2023-06-09T14:53:10Z,False,False,False,False,False,246.09,246.2,246.16,
41,2023-06-09T14:53:20Z,False,False,False,False,False,246.34,246.37,246.33,
42,2023-06-09T14:53:30Z,False,False,False,False,False,246.5599,246.55,246.51,
43,2023-06-09T14:53:40Z,False,False,False,False,False,246.54,246.59,246.56,
44,2023-06-09T14:53:50Z,False,False,False,False,False,246.5393,246.63,246.6,
45,2023-06-09T14:54:00Z,False,False,False,False,False,246.6451,246.64,246.61,
46,2023-06-09T14:54:10Z,False,False,False,False,False,246.9,246.99,246.93,
47,2023-06-09T14:54:20Z,False,False,False,False,False,247.1901,247.25,247.2,
48,2023-06-09T14:54:30Z,False,False,False,False,False,247.11,247.16,247.13,
49,2023-06-09T14:54:40Z,False,False,False,False,False,247.3327,247.36,247.33,
50,2023-06-09T14:54:50Z,False,False,False,False,False,247.4905,247.46,247.39,
51,2023-06-09T14:55:00Z,False,False,False,False,False,247.369,247.42,247.37,
52,2023-06-09T14:55:10Z,False,False,False,False,False,247.585,247.65,247.62,
53,2023-06-09T14:55:20Z,False,False,False,False,False,247.8123,247.77,247.74,
54,2023-06-09T14:55:30Z,False,False,False,False,False,247.9201,247.96,247.93,
55,2023-06-09T14:55:40Z,False,False,False,False,False,248.13,248.26,248.22,
56,2023-06-09T14:55:50Z,False,False,False,False,False,248.23,248.26,248.23,
57,2023-06-09T14:56:00Z,False,False,False,False,False,248.33,248.42,248.39,
58,2023-06-09T14:56:10Z,False,False,False,False,False,248.35,248.38,248.35,
59,2023-06-09T14:56:20Z,False,False,False,False,False,248.1423,248.16,248.14,
60,2023-06-09T14:56:30Z,False,False,False,False,False,248.25,248.26,248.22,
61,2023-06-09T14:56:40Z,False,False,False,False,False,248.2201,248.29,248.27,
62,2023-06-09T14:56:50Z,False,False,False,False,False,248.09,248.16,248.12,
63,2023-06-09T14:57:00Z,False,False,False,False,False,248.17,248.24,248.2,
64,2023-06-09T14:57:10Z,False,False,False,False,False,248.181,248.24,248.2,
65,2023-06-09T14:57:20Z,False,False,False,False,False,248.2,248.28,248.25,
66,2023-06-09T14:57:30Z,False,False,False,False,False,248.02,248.17,248.13,
67,2023-06-09T14:57:40Z,False,False,False,False,False,247.96,247.97,247.92,
68,2023-06-09T14:57:50Z,False,False,False,False,False,248.0,248.05,248.01,
69,2023-06-09T14:58:00Z,False,False,False,False,False,248.1,248.08,248.04,
70,2023-06-09T14:58:10Z,False,False,False,False,False,247.9022,247.9,247.87,
71,2023-06-09T14:58:20Z,False,False,False,False,False,248.07,247.99,247.97,
72,2023-06-09T14:58:30Z,False,False,False,False,False,247.86,247.88,247.85,
73,2023-06-09T14:58:40Z,False,False,False,False,False,247.9,247.95,247.94,
74,2023-06-09T14:58:50Z,False,False,False,False,False,247.86,247.85,247.85,
75,2023-06-09T14:59:00Z,False,False,False,False,False,247.44,247.53,247.49,
76,2023-06-09T14:59:10Z,False,False,False,False,False,247.535,247.54,247.52,
77,2023-06-09T14:59:20Z,False,False,False,False,False,247.4999,247.5,247.45,
78,2023-06-09T14:59:30Z,False,False,False,False,False,247.22,247.29,247.27,
79,2023-06-09T14:59:40Z,False,False,False,False,False,247.4016,247.41,247.38,
80,2023-06-09T14:59:50Z,False,False,False,False,False,247.625,247.7,247.66,
81,2023-06-09T15:00:00Z,False,False,False,False,False,247.72,247.74,247.73,
82,2023-06-09T15:00:10Z,False,False,False,False,False,247.73,247.82,247.78,
83,2023-06-09T15:00:20Z,False,False,False,False,False,247.71,247.68,247.64,
84,2023-06-09T15:00:30Z,False,False,False,False,False,247.7,247.82,247.79,
85,2023-06-09T15:00:40Z,False,False,False,False,False,248.0869,248.03,248.0,
86,2023-06-09T15:00:50Z,False,False,False,False,False,247.9303,247.98,247.94,
87,2023-06-09T15:01:00Z,False,False,False,False,False,247.8201,247.8,247.77,
88,2023-06-09T15:01:10Z,False,False,False,False,False,247.88,247.84,247.81,
89,2023-06-09T15:01:20Z,False,False,False,False,False,247.94,247.98,247.92,
90,2023-06-09T15:01:30Z,False,False,False,False,False,247.975,247.99,247.94,
91,2023-06-09T15:01:40Z,False,False,False,False,False,248.0231,248.01,247.99,
92,2023-06-09T15:01:50Z,False,False,False,False,False,248.0812,248.13,248.08,
93,2023-06-09T15:02:00Z,False,False,False,False,False,248.1882,248.18,248.18,
94,2023-06-09T15:02:10Z,False,False,False,False,False,248.2894,248.28,248.26,
95,2023-06-09T15:02:20Z,False,False,False,False,False,248.2525,248.24,248.21,
96,2023-06-09T15:02:30Z,False,False,False,False,False,248.4531,248.43,248.41,
97,2023-06-09T15:02:40Z,False,False,False,False,False,248.44,248.44,248.42,
98,2023-06-09T15:02:50Z,False,False,False,False,False,248.595,248.64,248.63,
99,2023-06-09T15:03:00Z,False,False,False,False,False,248.7,248.68,248.66,
100,2023-06-09T15:03:10Z,False,False,False,False,False,248.55,248.56,248.51,
101,2023-06-09T15:03:20Z,False,False,False,False,False,248.55,248.68,248.65,
102,2023-06-09T15:03:30Z,False,False,False,False,False,248.53,248.61,248.59,
103,2023-06-09T15:03:40Z,False,False,False,False,False,248.64,248.62,248.57,
104,2023-06-09T15:03:50Z,False,False,False,False,False,248.6349,248.65,248.63,
105,2023-06-09T15:04:00Z,False,False,False,False,False,248.6406,248.66,248.64,
106,2023-06-09T15:04:10Z,False,False,False,False,False,248.49,248.53,248.49,
107,2023-06-09T15:04:20Z,False,False,False,False,False,248.49,248.52,248.5,
108,2023-06-09T15:04:30Z,False,False,False,False,False,248.5285,248.49,248.46,
109,2023-06-09T15:04:40Z,False,False,False,False,False,248.3366,248.48,248.44,
110,2023-06-09T15:04:50Z,False,False,False,False,False,248.48,248.49,248.41,
111,2023-06-09T15:05:00Z,False,False,False,False,False,248.5278,248.6,248.56,
112,2023-06-09T15:05:10Z,False,False,False,False,False,248.48,248.51,248.47,
113,2023-06-09T15:05:20Z,False,False,False,False,False,248.42,248.65,248.62,
114,2023-06-09T15:05:30Z,False,False,False,False,False,248.5206,248.55,248.52,
115,2023-06-09T15:05:40Z,False,False,False,False,False,248.5566,248.56,248.51,
116,2023-06-09T15:05:50Z,False,False,False,False,False,248.39,248.5,248.46,
117,2023-06-09T15:06:00Z,False,False,False,False,False,248.5236,248.51,248.48,
118,2023-06-09T15:06:10Z,False,False,False,False,False,248.71,248.78,248.76,
119,2023-06-09T15:06:20Z,False,False,False,False,False,248.665,248.71,248.67,
120,2023-06-09T15:06:30Z,110.0200000000089,True,False,True,False,248.95,249.03,248.99,-249.03
121,2023-06-09T15:06:40Z,False,False,False,False,False,249.1687,249.23,249.18,
122,2023-06-09T15:06:50Z,False,False,False,False,False,249.4299,249.48,249.44,
123,2023-06-09T15:07:00Z,False,False,False,False,False,249.7,249.77,249.73,
124,2023-06-09T15:07:10Z,False,False,False,False,False,249.59,249.63,249.6,
125,2023-06-09T15:07:20Z,False,False,False,False,False,249.77,249.84,249.77,
126,2023-06-09T15:07:30Z,False,False,False,False,False,249.73,249.76,249.72,
127,2023-06-09T15:07:40Z,False,False,False,False,False,249.61,249.63,249.6,
128,2023-06-09T15:07:50Z,False,False,False,False,False,249.695,249.72,249.68,
129,2023-06-09T15:08:00Z,False,False,False,False,False,249.79,249.71,249.68,
130,2023-06-09T15:08:10Z,False,False,False,False,False,249.5987,249.59,249.55,
131,2023-06-09T15:08:20Z,False,False,False,False,False,249.46,249.49,249.45,
132,2023-06-09T15:08:30Z,False,False,False,False,False,249.4999,249.46,249.43,
133,2023-06-09T15:08:40Z,False,False,False,False,False,249.49,249.49,249.45,
134,2023-06-09T15:08:50Z,False,False,False,False,False,249.47,249.47,249.45,
135,2023-06-09T15:09:00Z,False,False,False,False,False,249.6015,249.68,249.66,
136,2023-06-09T15:09:10Z,False,False,False,False,False,249.73,249.79,249.77,
137,2023-06-09T15:09:20Z,False,False,False,False,False,249.788,249.8,249.78,
138,2023-06-09T15:09:30Z,-124.99999999999716,False,True,False,True,249.81,249.67,249.63,249.63
139,2023-06-09T15:09:40Z,False,False,False,False,False,249.558,249.56,249.54,
140,2023-06-09T15:09:50Z,False,False,False,False,False,249.59,249.61,249.58,
141,2023-06-09T15:10:00Z,False,False,False,False,False,249.6054,249.62,249.61,
142,2023-06-09T15:10:10Z,False,False,False,False,False,249.73,249.79,249.78,
143,2023-06-09T15:10:20Z,False,False,False,False,False,249.72,249.82,249.8,
144,2023-06-09T15:10:30Z,False,False,False,False,False,249.7801,249.8,249.77,
145,2023-06-09T15:10:40Z,False,False,False,False,False,249.765,249.78,249.76,
146,2023-06-09T15:10:50Z,False,False,False,False,False,249.71,249.73,249.7,
147,2023-06-09T15:11:00Z,False,False,False,False,False,249.83,249.77,249.74,
148,2023-06-09T15:11:10Z,117.15860000001794,True,False,True,False,249.7154,249.84,249.8,-249.84
149,2023-06-09T15:11:20Z,False,False,False,False,False,249.8184,249.84,249.8,
150,2023-06-09T15:11:30Z,False,False,False,False,False,249.9301,249.94,249.92,
151,2023-06-09T15:11:40Z,False,False,False,False,False,249.86,249.87,249.85,
152,2023-06-09T15:11:50Z,False,False,False,False,False,249.82,249.9,249.88,
153,2023-06-09T15:12:00Z,False,False,False,False,False,249.94,249.99,249.96,
154,2023-06-09T15:12:10Z,False,False,False,False,False,249.83,249.78,249.76,
155,2023-06-09T15:12:20Z,False,False,False,False,False,249.46,249.47,249.43,
156,2023-06-09T15:12:30Z,False,False,False,False,False,249.47,249.46,249.43,
157,2023-06-09T15:12:40Z,False,False,False,False,False,249.2897,249.32,249.29,
158,2023-06-09T15:12:50Z,False,False,False,False,False,249.3,249.36,249.34,
159,2023-06-09T15:13:00Z,False,False,False,False,False,249.575,249.54,249.49,
160,2023-06-09T15:13:10Z,False,False,False,False,False,249.45,249.55,249.5,
161,2023-06-09T15:13:20Z,False,False,False,False,False,249.3861,249.39,249.36,
162,2023-06-09T15:13:30Z,False,False,False,False,False,249.3169,249.36,249.31,
163,2023-06-09T15:13:40Z,False,False,False,False,False,249.2799,249.2,249.16,
164,2023-06-09T15:13:50Z,False,False,False,False,False,249.2583,249.24,249.19,
165,2023-06-09T15:14:00Z,False,False,False,False,False,249.1101,249.13,249.1,
166,2023-06-09T15:14:10Z,False,False,False,False,False,249.33,249.41,249.37,
167,2023-06-09T15:14:20Z,False,False,False,False,False,249.41,249.4,249.36,
168,2023-06-09T15:14:30Z,False,False,False,False,False,249.41,249.42,249.38,
169,2023-06-09T15:14:40Z,False,False,False,False,False,249.475,249.39,249.36,
170,2023-06-09T15:14:50Z,False,False,False,False,False,249.2799,249.28,249.24,
171,2023-06-09T15:15:00Z,False,False,False,False,False,249.255,249.27,249.25,
172,2023-06-09T15:15:10Z,False,False,False,False,False,249.11,249.17,249.14,
173,2023-06-09T15:15:20Z,False,False,False,False,False,249.16,249.18,249.14,
174,2023-06-09T15:15:30Z,False,False,False,False,False,248.9,248.98,248.95,
175,2023-06-09T15:15:40Z,False,False,False,False,False,248.8599,248.94,248.92,
176,2023-06-09T15:15:50Z,False,False,False,False,False,249.04,249.08,249.03,
177,2023-06-09T15:16:00Z,False,False,False,False,False,249.0,248.94,248.9,
178,2023-06-09T15:16:10Z,False,False,False,False,False,248.98,248.99,248.95,
179,2023-06-09T15:16:20Z,False,False,False,False,False,249.015,248.98,248.96,
180,2023-06-09T15:16:30Z,False,False,False,False,False,248.7314,248.69,248.65,
181,2023-06-09T15:16:40Z,-129.39999999997787,False,True,False,True,248.66,248.56,248.53,248.53
182,2023-06-09T15:16:50Z,False,False,False,False,False,248.5354,248.59,248.55,
183,2023-06-09T15:17:00Z,False,False,False,False,False,248.4599,248.6,248.57,
184,2023-06-09T15:17:10Z,False,False,False,False,False,248.3378,248.31,248.28,
185,2023-06-09T15:17:20Z,False,False,False,False,False,248.165,248.24,248.2,
186,2023-06-09T15:17:30Z,False,False,False,False,False,248.3228,248.36,248.33,
187,2023-06-09T15:17:40Z,False,False,False,False,False,248.255,248.23,248.22,
188,2023-06-09T15:17:50Z,False,False,False,False,False,248.1326,248.1,248.06,
189,2023-06-09T15:18:00Z,False,False,False,False,False,248.0548,247.94,247.9,
190,2023-06-09T15:18:10Z,False,False,False,False,False,248.07,248.08,248.05,
191,2023-06-09T15:18:20Z,False,False,False,False,False,248.1877,248.24,248.2,
192,2023-06-09T15:18:30Z,False,False,False,False,False,248.27,248.35,248.31,
193,2023-06-09T15:18:40Z,False,False,False,False,False,248.2785,248.27,248.25,
194,2023-06-09T15:18:50Z,False,False,False,False,False,248.15,248.15,248.12,
195,2023-06-09T15:19:00Z,False,False,False,False,False,248.08,248.08,248.06,
196,2023-06-09T15:19:10Z,False,False,False,False,False,247.91,247.99,247.97,
197,2023-06-09T15:19:20Z,False,False,False,False,False,247.8,247.88,247.87,
198,2023-06-09T15:19:30Z,False,False,False,False,False,247.9886,248.05,248.02,
199,2023-06-09T15:19:40Z,False,False,False,False,False,248.135,248.17,248.13,
200,2023-06-09T15:19:50Z,False,False,False,False,False,247.9401,248.01,247.98,
201,2023-06-09T15:20:00Z,False,False,False,False,False,248.0404,248.09,248.06,
202,2023-06-09T15:20:10Z,False,False,False,False,False,248.125,248.16,248.13,
203,2023-06-09T15:20:20Z,False,False,False,False,False,248.0392,248.05,248.02,
204,2023-06-09T15:20:30Z,False,False,False,False,False,248.0215,248.03,247.99,
205,2023-06-09T15:20:40Z,False,False,False,False,False,248.2161,248.2,248.16,
206,2023-06-09T15:20:50Z,False,False,False,False,False,248.21,248.2,248.17,
207,2023-06-09T15:21:00Z,False,False,False,False,False,248.1682,248.13,248.1,
208,2023-06-09T15:21:10Z,False,False,False,False,False,248.09,248.11,248.09,
209,2023-06-09T15:21:20Z,False,False,False,False,False,248.1408,248.24,248.21,
210,2023-06-09T15:21:30Z,False,False,False,False,False,248.14,248.17,248.12,
211,2023-06-09T15:21:40Z,False,False,False,False,False,247.93,247.97,247.93,
212,2023-06-09T15:21:50Z,False,False,False,False,False,247.98,248.04,248.01,
213,2023-06-09T15:22:00Z,False,False,False,False,False,248.1042,248.07,248.04,
214,2023-06-09T15:22:10Z,False,False,False,False,False,247.79,247.99,247.96,
215,2023-06-09T15:22:20Z,False,False,False,False,False,248.3,248.48,248.46,
216,2023-06-09T15:22:30Z,False,False,False,False,False,248.175,248.16,248.13,
217,2023-06-09T15:22:40Z,False,False,False,False,False,248.0993,248.11,248.07,
218,2023-06-09T15:22:50Z,False,False,False,False,False,248.02,248.05,248.02,
219,2023-06-09T15:23:00Z,False,False,False,False,False,248.165,248.17,248.14,
220,2023-06-09T15:23:10Z,False,False,False,False,False,248.47,248.47,248.42,
221,2023-06-09T15:23:20Z,False,False,False,False,False,248.28,248.33,248.3,
222,2023-06-09T15:23:30Z,False,False,False,False,False,248.35,248.35,248.31,
223,2023-06-09T15:23:40Z,False,False,False,False,False,248.405,248.39,248.36,
224,2023-06-09T15:23:50Z,False,False,False,False,False,248.38,248.4,248.37,
225,2023-06-09T15:24:00Z,False,False,False,False,False,248.37,248.48,248.46,
226,2023-06-09T15:24:10Z,False,False,False,False,False,248.42,248.43,248.39,
227,2023-06-09T15:24:20Z,False,False,False,False,False,248.38,248.37,248.35,
228,2023-06-09T15:24:30Z,False,False,False,False,False,248.3401,248.35,248.32,
229,2023-06-09T15:24:40Z,False,False,False,False,False,248.39,248.4,248.38,
230,2023-06-09T15:24:50Z,False,False,False,False,False,248.565,248.62,248.6,
231,2023-06-09T15:25:00Z,False,False,False,False,False,248.61,248.62,248.6,
232,2023-06-09T15:25:10Z,False,False,False,False,False,248.4601,248.48,248.44,
233,2023-06-09T15:25:20Z,False,False,False,False,False,248.09,248.01,247.95,
234,2023-06-09T15:25:30Z,False,False,False,False,False,248.0299,247.9,247.88,
235,2023-06-09T15:25:40Z,False,False,False,False,False,247.6955,247.67,247.64,
236,2023-06-09T15:25:50Z,False,False,False,False,False,247.5,247.65,247.7,
237,2023-06-09T15:26:00Z,False,False,False,False,False,247.8681,247.92,247.88,
238,2023-06-09T15:26:10Z,False,False,False,False,False,247.92,247.89,247.84,
239,2023-06-09T15:26:20Z,False,False,False,False,False,247.6099,247.58,247.55,
240,2023-06-09T15:26:30Z,False,False,False,False,False,247.58,247.65,247.59,
241,2023-06-09T15:26:40Z,False,False,False,False,False,247.5485,247.54,247.51,
242,2023-06-09T15:26:50Z,False,False,False,False,False,247.5037,247.53,247.5,
243,2023-06-09T15:27:00Z,False,False,False,False,False,247.6871,247.78,247.75,
244,2023-06-09T15:27:10Z,False,False,False,False,False,247.768,247.75,247.72,
245,2023-06-09T15:27:20Z,False,False,False,False,False,247.73,247.73,247.71,
246,2023-06-09T15:27:30Z,False,False,False,False,False,247.858,247.78,247.75,
247,2023-06-09T15:27:40Z,False,False,False,False,False,247.8847,247.83,247.8,
248,2023-06-09T15:27:50Z,False,False,False,False,False,247.85,247.93,247.89,
249,2023-06-09T15:28:00Z,False,False,False,False,False,247.8537,247.94,247.91,
250,2023-06-09T15:28:10Z,False,False,False,False,False,247.7803,247.83,247.81,
251,2023-06-09T15:28:20Z,False,False,False,False,False,247.58,247.59,247.54,
252,2023-06-09T15:28:30Z,False,False,False,False,False,247.2399,247.29,247.24,
253,2023-06-09T15:28:40Z,False,False,False,False,False,247.49,247.58,247.55,
254,2023-06-09T15:28:50Z,False,False,False,False,False,247.51,247.54,247.5,
255,2023-06-09T15:29:00Z,False,False,False,False,False,247.3686,247.33,247.31,
256,2023-06-09T15:29:10Z,False,False,False,False,False,247.3086,247.2,247.17,
257,2023-06-09T15:29:20Z,False,False,False,False,False,247.0394,247.03,247.01,
258,2023-06-09T15:29:30Z,False,False,False,False,False,246.995,247.04,247.01,
259,2023-06-09T15:29:40Z,False,False,False,False,False,247.0114,247.03,247.01,
260,2023-06-09T15:29:50Z,False,False,False,False,False,246.9901,247.05,247.02,
261,2023-06-09T15:30:00Z,False,False,False,False,False,247.04,246.96,246.95,
262,2023-06-09T15:30:10Z,False,False,False,False,False,247.0461,247.03,247.0,
263,2023-06-09T15:30:20Z,False,False,False,False,False,246.94,246.92,246.9,
264,2023-06-09T15:30:30Z,False,False,False,False,False,246.77,246.77,246.74,
265,2023-06-09T15:30:40Z,False,False,False,False,False,246.69,246.74,246.71,
266,2023-06-09T15:30:50Z,False,False,False,False,False,246.68,246.66,246.64,
267,2023-06-09T15:31:00Z,False,False,False,False,False,246.8015,246.79,246.76,
268,2023-06-09T15:31:10Z,False,False,False,False,False,246.85,246.87,246.85,
269,2023-06-09T15:31:20Z,False,False,False,False,False,246.75,246.82,246.79,
270,2023-06-09T15:31:30Z,False,False,False,False,False,246.95,246.92,246.88,
271,2023-06-09T15:31:40Z,False,False,False,False,False,246.94,246.8,246.77,
272,2023-06-09T15:31:50Z,False,False,False,False,False,246.8169,246.75,246.71,
273,2023-06-09T15:32:00Z,161.00049999999996,True,False,True,False,246.4401,246.48,246.45,-246.48
274,2023-06-09T15:32:10Z,False,False,False,False,False,246.565,246.64,246.62,
275,2023-06-09T15:32:20Z,False,False,False,False,False,246.51,246.59,246.56,
276,2023-06-09T15:32:30Z,False,False,False,False,False,246.6499,246.56,246.53,
277,2023-06-09T15:32:40Z,False,False,False,False,False,246.57,246.57,246.55,
278,2023-06-09T15:32:50Z,False,False,False,False,False,246.55,246.6,246.57,
279,2023-06-09T15:33:00Z,False,False,False,False,False,246.73,246.69,246.65,
280,2023-06-09T15:33:10Z,False,False,False,False,False,246.525,246.56,246.53,
281,2023-06-09T15:33:20Z,False,False,False,False,False,246.825,246.8,246.78,
282,2023-06-09T15:33:30Z,False,False,False,False,False,246.8892,246.89,246.86,
283,2023-06-09T15:33:40Z,False,False,False,False,False,246.9773,246.96,246.93,
284,2023-06-09T15:33:50Z,False,False,False,False,False,247.2165,247.25,247.22,
285,2023-06-09T15:34:00Z,False,False,False,False,False,247.32,247.29,247.26,
286,2023-06-09T15:34:10Z,False,False,False,False,False,247.385,247.38,247.36,
287,2023-06-09T15:34:20Z,False,False,False,False,False,247.18,247.2,247.17,
288,2023-06-09T15:34:30Z,False,False,False,False,False,247.5584,247.54,247.53,
289,2023-06-09T15:34:40Z,False,False,False,False,False,247.2197,247.27,247.23,
290,2023-06-09T15:34:50Z,False,False,False,False,False,247.22,247.23,247.19,
291,2023-06-09T15:35:00Z,False,False,False,False,False,247.38,247.43,247.4,
292,2023-06-09T15:35:10Z,False,False,False,False,False,247.515,247.54,247.51,
293,2023-06-09T15:35:20Z,False,False,False,False,False,247.45,247.48,247.44,
294,2023-06-09T15:35:30Z,False,False,False,False,False,247.635,247.61,247.6,
295,2023-06-09T15:35:40Z,False,False,False,False,False,247.6108,247.66,247.63,
296,2023-06-09T15:35:50Z,False,False,False,False,False,247.73,247.75,247.72,
297,2023-06-09T15:36:00Z,False,False,False,False,False,247.68,247.77,247.75,
298,2023-06-09T15:36:10Z,False,False,False,False,False,247.9138,248.0,247.96,
299,2023-06-09T15:36:20Z,False,False,False,False,False,248.09,248.16,248.14,
300,2023-06-09T15:36:30Z,False,False,False,False,False,248.04,248.08,248.04,
301,2023-06-09T15:36:40Z,False,False,False,False,False,248.05,248.13,248.11,
302,2023-06-09T15:36:50Z,False,False,False,False,False,248.0774,248.15,248.13,
303,2023-06-09T15:37:00Z,False,False,False,False,False,248.245,248.32,248.31,
304,2023-06-09T15:37:10Z,False,False,False,False,False,248.18,248.19,248.17,
305,2023-06-09T15:37:20Z,False,False,False,False,False,248.2026,248.16,248.13,
306,2023-06-09T15:37:30Z,False,False,False,False,False,248.095,248.14,248.12,
307,2023-06-09T15:37:40Z,False,False,False,False,False,248.1399,248.15,248.12,
308,2023-06-09T15:37:50Z,False,False,False,False,False,248.15,248.22,248.19,
309,2023-06-09T15:38:00Z,False,False,False,False,False,248.17,248.21,248.18,
310,2023-06-09T15:38:10Z,False,False,False,False,False,248.0624,248.07,248.02,
311,2023-06-09T15:38:20Z,False,False,False,False,False,248.0542,248.08,248.05,
312,2023-06-09T15:38:30Z,False,False,False,False,False,248.01,247.99,247.98,
313,2023-06-09T15:38:40Z,False,False,False,False,False,248.06,248.07,248.04,
314,2023-06-09T15:38:50Z,False,False,False,False,False,248.1647,248.17,248.13,
315,2023-06-09T15:39:00Z,False,False,False,False,False,248.14,248.14,248.11,
316,2023-06-09T15:39:10Z,False,False,False,False,False,248.13,248.14,248.12,
317,2023-06-09T15:39:20Z,False,False,False,False,False,248.07,248.12,248.1,
318,2023-06-09T15:39:30Z,False,False,False,False,False,248.12,248.1,248.06,
319,2023-06-09T15:39:40Z,False,False,False,False,False,248.02,248.02,247.99,
320,2023-06-09T15:39:50Z,False,False,False,False,False,247.981,248.0,247.99,
321,2023-06-09T15:40:00Z,False,False,False,False,False,247.76,247.91,247.88,
322,2023-06-09T15:40:10Z,False,False,False,False,False,248.0801,248.11,248.07,
323,2023-06-09T15:40:20Z,False,False,False,False,False,248.015,248.03,248.01,
324,2023-06-09T15:40:30Z,False,False,False,False,False,248.135,248.15,248.1,
325,2023-06-09T15:40:40Z,False,False,False,False,False,247.925,247.92,247.89,
326,2023-06-09T15:40:50Z,False,False,False,False,False,248.1,248.08,248.07,
327,2023-06-09T15:41:00Z,False,False,False,False,False,248.025,248.03,248.0,
328,2023-06-09T15:41:10Z,False,False,False,False,False,248.054,248.07,248.03,
329,2023-06-09T15:41:20Z,False,False,False,False,False,248.175,248.21,248.17,
330,2023-06-09T15:41:30Z,False,False,False,False,False,248.23,248.27,248.23,
331,2023-06-09T15:41:40Z,False,False,False,False,False,248.0101,248.05,248.01,
332,2023-06-09T15:41:50Z,False,False,False,False,False,248.18,248.19,248.17,
333,2023-06-09T15:42:00Z,False,False,False,False,False,248.1043,248.07,248.05,
334,2023-06-09T15:42:10Z,False,False,False,False,False,248.1008,248.1,248.07,
335,2023-06-09T15:42:20Z,False,False,False,False,False,248.075,248.08,248.05,
336,2023-06-09T15:42:30Z,False,False,False,False,False,248.2091,248.23,248.19,
337,2023-06-09T15:42:40Z,False,False,False,False,False,248.19,248.23,248.21,
338,2023-06-09T15:42:50Z,False,False,False,False,False,248.32,248.38,248.35,
339,2023-06-09T15:43:00Z,False,False,False,False,False,248.27,248.37,248.33,
340,2023-06-09T15:43:10Z,False,False,False,False,False,248.23,248.24,248.22,
341,2023-06-09T15:43:20Z,False,False,False,False,False,248.3,248.45,248.41,
342,2023-06-09T15:43:30Z,False,False,False,False,False,248.4575,248.5,248.48,
343,2023-06-09T15:43:40Z,False,False,False,False,False,248.6182,248.63,248.61,
344,2023-06-09T15:43:50Z,False,False,False,False,False,248.89,248.92,248.9,
345,2023-06-09T15:44:00Z,False,False,False,False,False,248.8501,248.87,248.85,
346,2023-06-09T15:44:10Z,False,False,False,False,False,248.862,248.86,248.83,
347,2023-06-09T15:44:20Z,False,False,False,False,False,249.03,249.11,249.08,
348,2023-06-09T15:44:30Z,False,False,False,False,False,248.9015,248.96,248.93,
349,2023-06-09T15:44:40Z,False,False,False,False,False,249.1387,249.14,249.1,
350,2023-06-09T15:44:50Z,False,False,False,False,False,249.01,248.97,248.94,
351,2023-06-09T15:45:00Z,False,False,False,False,False,249.0157,249.03,249.01,
352,2023-06-09T15:45:10Z,False,False,False,False,False,249.07,249.09,249.07,
353,2023-06-09T15:45:20Z,False,False,False,False,False,249.035,249.07,249.01,
354,2023-06-09T15:45:30Z,False,False,False,False,False,248.726,248.72,248.72,
355,2023-06-09T15:45:40Z,False,False,False,False,False,248.7143,248.76,248.69,
356,2023-06-09T15:45:50Z,False,False,False,False,False,248.89,248.93,248.9,
357,2023-06-09T15:46:00Z,False,False,False,False,False,248.8,248.72,248.69,
358,2023-06-09T15:46:10Z,False,False,False,False,False,248.535,248.54,248.51,
359,2023-06-09T15:46:20Z,False,False,False,False,False,248.39,248.45,248.41,
360,2023-06-09T15:46:30Z,False,False,False,False,False,248.4199,248.3,248.25,
361,2023-06-09T15:46:40Z,False,False,False,False,False,248.1,248.07,248.02,
362,2023-06-09T15:46:50Z,False,False,False,False,False,248.2095,248.17,248.14,
363,2023-06-09T15:47:00Z,False,False,False,False,False,248.1437,248.29,248.26,
364,2023-06-09T15:47:10Z,False,False,False,False,False,248.32,248.31,248.28,
365,2023-06-09T15:47:20Z,False,False,False,False,False,248.3599,248.38,248.36,
366,2023-06-09T15:47:30Z,False,False,False,False,False,248.415,248.39,248.37,
367,2023-06-09T15:47:40Z,False,False,False,False,False,248.332,248.29,248.26,
368,2023-06-09T15:47:50Z,False,False,False,False,False,248.35,248.34,248.3,
369,2023-06-09T15:48:00Z,-216.70000000000584,False,True,False,True,248.3355,248.15,248.12,248.12
370,2023-06-09T15:48:10Z,False,False,False,False,False,248.0019,248.03,248.0,
371,2023-06-09T15:48:20Z,False,False,False,False,False,248.175,248.18,248.15,
372,2023-06-09T15:48:30Z,False,False,False,False,False,248.2901,248.35,248.31,
373,2023-06-09T15:48:40Z,False,False,False,False,False,248.415,248.43,248.41,
374,2023-06-09T15:48:50Z,False,False,False,False,False,248.3681,248.37,248.34,
375,2023-06-09T15:49:00Z,False,False,False,False,False,248.43,248.41,248.39,
376,2023-06-09T15:49:10Z,False,False,False,False,False,248.39,248.4,248.37,
377,2023-06-09T15:49:20Z,False,False,False,False,False,248.215,248.25,248.21,
378,2023-06-09T15:49:30Z,False,False,False,False,False,248.365,248.35,248.31,
379,2023-06-09T15:49:40Z,False,False,False,False,False,248.32,248.29,248.27,
380,2023-06-09T15:49:50Z,False,False,False,False,False,248.2986,248.3,248.28,
381,2023-06-09T15:50:00Z,False,False,False,False,False,248.33,248.32,248.3,
382,2023-06-09T15:50:10Z,False,False,False,False,False,248.3899,248.36,248.31,
383,2023-06-09T15:50:20Z,False,False,False,False,False,248.28,248.25,248.22,
384,2023-06-09T15:50:30Z,False,False,False,False,False,248.1379,248.13,248.11,
385,2023-06-09T15:50:40Z,False,False,False,False,False,248.13,248.15,248.11,
386,2023-06-09T15:50:50Z,False,False,False,False,False,248.27,248.28,248.24,
387,2023-06-09T15:51:00Z,False,False,False,False,False,248.1501,248.11,248.08,
388,2023-06-09T15:51:10Z,False,False,False,False,False,248.04,248.01,247.99,
389,2023-06-09T15:51:20Z,False,False,False,False,False,247.815,247.8,247.76,
390,2023-06-09T15:51:30Z,False,False,False,False,False,247.9813,248.02,247.99,
391,2023-06-09T15:51:40Z,False,False,False,False,False,248.1444,248.13,248.11,
392,2023-06-09T15:51:50Z,False,False,False,False,False,248.1,248.09,248.05,
393,2023-06-09T15:52:00Z,False,False,False,False,False,247.9601,248.01,248.01,
394,2023-06-09T15:52:10Z,False,False,False,False,False,247.97,247.99,247.95,
395,2023-06-09T15:52:20Z,False,False,False,False,False,247.975,247.99,247.95,
396,2023-06-09T15:52:30Z,False,False,False,False,False,248.0,248.0,247.97,
397,2023-06-09T15:52:40Z,False,False,False,False,False,248.06,248.08,248.04,
398,2023-06-09T15:52:50Z,False,False,False,False,False,247.9201,247.89,247.86,
399,2023-06-09T15:53:00Z,False,False,False,False,False,247.9599,247.94,247.9,
400,2023-06-09T15:53:10Z,False,False,False,False,False,248.16,248.18,248.15,
401,2023-06-09T15:53:20Z,False,False,False,False,False,248.435,248.48,248.43,
402,2023-06-09T15:53:30Z,False,False,False,False,False,248.595,248.56,248.52,
403,2023-06-09T15:53:40Z,False,False,False,False,False,248.46,248.43,248.41,
404,2023-06-09T15:53:50Z,False,False,False,False,False,248.3001,248.35,248.32,
405,2023-06-09T15:54:00Z,False,False,False,False,False,248.41,248.42,248.39,
406,2023-06-09T15:54:10Z,False,False,False,False,False,248.2829,248.31,248.28,
407,2023-06-09T15:54:20Z,False,False,False,False,False,248.3414,248.37,248.34,
408,2023-06-09T15:54:30Z,False,False,False,False,False,248.24,248.26,248.22,
409,2023-06-09T15:54:40Z,False,False,False,False,False,248.325,248.31,248.28,
410,2023-06-09T15:54:50Z,False,False,False,False,False,248.26,248.25,248.21,
411,2023-06-09T15:55:00Z,False,False,False,False,False,248.23,248.26,248.21,
412,2023-06-09T15:55:10Z,False,False,False,False,False,248.25,248.16,248.12,
413,2023-06-09T15:55:20Z,False,False,False,False,False,248.3299,248.35,248.31,
414,2023-06-09T15:55:30Z,False,False,False,False,False,248.19,248.2,248.17,
415,2023-06-09T15:55:40Z,False,False,False,False,False,247.9,247.95,247.91,
416,2023-06-09T15:55:50Z,False,False,False,False,False,247.895,247.95,247.93,
417,2023-06-09T15:56:00Z,False,False,False,False,False,248.0101,248.05,248.05,
418,2023-06-09T15:56:10Z,False,False,False,False,False,248.07,248.07,248.05,
419,2023-06-09T15:56:20Z,False,False,False,False,False,247.89,247.89,247.85,
420,2023-06-09T15:56:30Z,False,False,False,False,False,247.54,247.63,247.6,
421,2023-06-09T15:56:40Z,False,False,False,False,False,247.5038,247.48,247.43,
422,2023-06-09T15:56:50Z,False,False,False,False,False,247.48,247.5,247.47,
423,2023-06-09T15:57:00Z,False,False,False,False,False,247.33,247.3,247.27,
424,2023-06-09T15:57:10Z,False,False,False,False,False,247.1225,247.25,247.22,
425,2023-06-09T15:57:20Z,False,False,False,False,False,247.43,247.37,247.35,
426,2023-06-09T15:57:30Z,False,False,False,False,False,247.23,247.23,247.21,
427,2023-06-09T15:57:40Z,False,False,False,False,False,247.31,247.28,247.24,
428,2023-06-09T15:57:50Z,False,False,False,False,False,247.2469,247.24,247.19,
429,2023-06-09T15:58:00Z,False,False,False,False,False,247.22,247.21,247.15,
430,2023-06-09T15:58:10Z,False,False,False,False,False,247.385,247.38,247.36,
431,2023-06-09T15:58:20Z,False,False,False,False,False,247.48,247.5,247.46,
432,2023-06-09T15:58:30Z,False,False,False,False,False,247.3645,247.35,247.33,
433,2023-06-09T15:58:40Z,False,False,False,False,False,247.489,247.52,247.48,
434,2023-06-09T15:58:50Z,False,False,False,False,False,247.5001,247.51,247.44,
435,2023-06-09T15:59:00Z,False,False,False,False,False,247.4199,247.48,247.44,
436,2023-06-09T15:59:10Z,False,False,False,False,False,247.5899,247.68,247.65,
437,2023-06-09T15:59:20Z,False,False,False,False,False,247.6,247.62,247.59,
438,2023-06-09T15:59:30Z,False,False,False,False,False,247.678,247.68,247.66,
439,2023-06-09T15:59:40Z,False,False,False,False,False,247.565,247.55,247.54,
440,2023-06-09T15:59:50Z,False,False,False,False,False,247.5699,247.6,247.57,
441,2023-06-09T16:00:00Z,False,False,False,False,False,247.5201,247.5,247.46,
442,2023-06-09T16:00:10Z,False,False,False,False,False,247.63,247.67,247.62,
443,2023-06-09T16:00:20Z,False,False,False,False,False,247.4201,247.42,247.4,
444,2023-06-09T16:00:30Z,False,False,False,False,False,247.4,247.41,247.38,
445,2023-06-09T16:00:40Z,False,False,False,False,False,247.325,247.31,247.28,
446,2023-06-09T16:00:50Z,False,False,False,False,False,247.095,247.12,247.09,
447,2023-06-09T16:01:00Z,False,False,False,False,False,247.012,247.05,247.02,
448,2023-06-09T16:01:10Z,False,False,False,False,False,246.96,247.0,246.97,
449,2023-06-09T16:01:20Z,False,False,False,False,False,246.6255,246.56,246.51,
450,2023-06-09T16:01:30Z,False,False,False,False,False,246.33,246.35,246.31,
451,2023-06-09T16:01:40Z,False,False,False,False,False,246.062,246.15,246.11,
452,2023-06-09T16:01:50Z,False,False,False,False,False,246.1699,246.16,246.12,
453,2023-06-09T16:02:00Z,False,False,False,False,False,246.0642,246.06,246.03,
454,2023-06-09T16:02:10Z,False,False,False,False,False,246.41,246.41,246.36,
455,2023-06-09T16:02:20Z,False,False,False,False,False,246.05,246.07,246.03,
456,2023-06-09T16:02:30Z,False,False,False,False,False,246.2699,246.25,246.22,
457,2023-06-09T16:02:40Z,False,False,False,False,False,246.17,246.19,246.15,
458,2023-06-09T16:02:50Z,False,False,False,False,False,246.1264,246.17,246.13,
459,2023-06-09T16:03:00Z,False,False,False,False,False,246.1352,246.17,246.15,
460,2023-06-09T16:03:10Z,False,False,False,False,False,246.19,246.15,246.11,
461,2023-06-09T16:03:20Z,177.00000000000387,True,False,True,False,245.97,246.07,246.04,-246.07
462,2023-06-09T16:03:30Z,False,False,False,False,False,246.3249,246.34,246.32,
463,2023-06-09T16:03:40Z,False,False,False,False,False,246.3,246.29,246.24,
464,2023-06-09T16:03:50Z,False,False,False,False,False,246.49,246.52,246.5,
465,2023-06-09T16:04:00Z,False,False,False,False,False,246.56,246.56,246.52,
466,2023-06-09T16:04:10Z,False,False,False,False,False,246.4149,246.42,246.39,
467,2023-06-09T16:04:20Z,False,False,False,False,False,246.5,246.5,246.48,
468,2023-06-09T16:04:30Z,False,False,False,False,False,246.4146,246.43,246.41,
469,2023-06-09T16:04:40Z,False,False,False,False,False,246.45,246.35,246.32,
470,2023-06-09T16:04:50Z,False,False,False,False,False,246.37,246.35,246.31,
471,2023-06-09T16:05:00Z,False,False,False,False,False,246.32,246.34,246.32,
472,2023-06-09T16:05:10Z,False,False,False,False,False,246.41,246.38,246.35,
473,2023-06-09T16:05:20Z,False,False,False,False,False,246.42,246.47,246.44,
474,2023-06-09T16:05:30Z,False,False,False,False,False,246.46,246.44,246.41,
475,2023-06-09T16:05:40Z,False,False,False,False,False,246.4,246.39,246.36,
476,2023-06-09T16:05:50Z,False,False,False,False,False,246.4114,246.44,246.41,
477,2023-06-09T16:06:00Z,False,False,False,False,False,246.41,246.59,246.57,
478,2023-06-09T16:06:10Z,False,False,False,False,False,246.66,246.63,246.59,
479,2023-06-09T16:06:20Z,False,False,False,False,False,246.5476,246.56,246.54,
480,2023-06-09T16:06:30Z,False,False,False,False,False,246.405,246.4,246.36,
481,2023-06-09T16:06:40Z,False,False,False,False,False,246.325,246.32,246.3,
482,2023-06-09T16:06:50Z,False,False,False,False,False,246.3,246.32,246.27,
483,2023-06-09T16:07:00Z,False,False,False,False,False,246.2201,246.24,246.2,
484,2023-06-09T16:07:10Z,False,False,False,False,False,246.408,246.42,246.39,
485,2023-06-09T16:07:20Z,False,False,False,False,False,246.38,246.49,246.45,
486,2023-06-09T16:07:30Z,False,False,False,False,False,246.5764,246.62,246.59,
487,2023-06-09T16:07:40Z,False,False,False,False,False,246.6606,246.65,246.63,
488,2023-06-09T16:07:50Z,False,False,False,False,False,246.7071,246.84,246.8,
489,2023-06-09T16:08:00Z,False,False,False,False,False,246.7985,246.79,246.77,
490,2023-06-09T16:08:10Z,False,False,False,False,False,246.65,246.65,246.63,
491,2023-06-09T16:08:20Z,False,False,False,False,False,246.56,246.61,246.58,
492,2023-06-09T16:08:30Z,False,False,False,False,False,246.48,246.59,246.56,
493,2023-06-09T16:08:40Z,False,False,False,False,False,246.5855,246.58,246.54,
494,2023-06-09T16:08:50Z,False,False,False,False,False,246.4685,246.58,246.55,
495,2023-06-09T16:09:00Z,False,False,False,False,False,246.5897,246.59,246.56,
496,2023-06-09T16:09:10Z,False,False,False,False,False,False,246.44,246.39,
497,2023-06-09T16:09:20Z,False,False,False,False,False,246.485,246.44,246.42,
498,2023-06-09T16:09:30Z,False,False,False,False,False,246.445,246.45,246.42,
499,2023-06-09T16:09:40Z,False,False,False,False,False,246.41,246.37,246.34,
500,2023-06-09T16:09:50Z,False,False,False,False,False,246.38,246.37,246.34,
501,2023-06-09T16:10:00Z,False,False,False,False,False,246.355,246.36,246.33,
502,2023-06-09T16:10:10Z,False,False,False,False,False,246.4399,246.56,246.53,
503,2023-06-09T16:10:20Z,False,False,False,False,False,246.53,246.53,246.52,
504,2023-06-09T16:10:30Z,False,False,False,False,False,246.52,246.51,246.48,
505,2023-06-09T16:10:40Z,False,False,False,False,False,246.62,246.61,246.57,
506,2023-06-09T16:10:50Z,False,False,False,False,False,246.56,246.58,246.55,
507,2023-06-09T16:11:00Z,False,False,False,False,False,246.56,246.6,246.57,
508,2023-06-09T16:11:10Z,False,False,False,False,False,246.5399,246.54,246.51,
509,2023-06-09T16:11:20Z,False,False,False,False,False,246.5897,246.62,246.6,
510,2023-06-09T16:11:30Z,False,False,False,False,False,246.6672,246.67,246.66,
511,2023-06-09T16:11:40Z,False,False,False,False,False,246.98,246.94,246.91,
512,2023-06-09T16:11:50Z,False,False,False,False,False,246.69,246.71,246.67,
513,2023-06-09T16:12:00Z,False,False,False,False,False,246.7385,246.73,246.7,
514,2023-06-09T16:12:10Z,False,False,False,False,False,246.7,246.72,246.67,
515,2023-06-09T16:12:20Z,False,False,False,False,False,246.71,246.72,246.69,
516,2023-06-09T16:12:30Z,False,False,False,False,False,246.8224,246.84,246.81,
517,2023-06-09T16:12:40Z,False,False,False,False,False,246.955,246.98,246.95,
518,2023-06-09T16:12:50Z,False,False,False,False,False,246.83,246.81,246.79,
519,2023-06-09T16:13:00Z,False,False,False,False,False,246.725,246.75,246.75,
520,2023-06-09T16:13:10Z,False,False,False,False,False,246.77,246.89,246.85,
521,2023-06-09T16:13:20Z,False,False,False,False,False,246.87,246.89,246.86,
522,2023-06-09T16:13:30Z,False,False,False,False,False,246.8395,246.91,246.88,
523,2023-06-09T16:13:40Z,False,False,False,False,False,246.83,246.88,246.85,
524,2023-06-09T16:13:50Z,False,False,False,False,False,246.86,246.93,246.9,
525,2023-06-09T16:14:00Z,False,False,False,False,False,246.8602,246.87,246.83,
526,2023-06-09T16:14:10Z,False,False,False,False,False,246.885,246.9,246.87,
527,2023-06-09T16:14:20Z,False,False,False,False,False,247.005,246.97,246.9,
528,2023-06-09T16:14:30Z,False,False,False,False,False,247.0618,247.12,247.09,
529,2023-06-09T16:14:40Z,False,False,False,False,False,247.1802,247.24,247.23,
530,2023-06-09T16:14:50Z,False,False,False,False,False,247.38,247.42,247.38,
531,2023-06-09T16:15:00Z,False,False,False,False,False,247.17,247.15,247.11,
532,2023-06-09T16:15:10Z,False,False,False,False,False,246.88,246.88,246.84,
533,2023-06-09T16:15:20Z,False,False,False,False,False,247.0001,247.04,247.02,
534,2023-06-09T16:15:30Z,False,False,False,False,False,247.1097,247.22,247.2,
535,2023-06-09T16:15:40Z,False,False,False,False,False,247.185,247.19,247.16,
536,2023-06-09T16:15:50Z,False,False,False,False,False,247.1734,247.19,247.16,
537,2023-06-09T16:16:00Z,False,False,False,False,False,247.0701,247.09,247.06,
538,2023-06-09T16:16:10Z,False,False,False,False,False,247.0546,247.05,247.01,
539,2023-06-09T16:16:20Z,False,False,False,False,False,247.29,247.35,247.31,
540,2023-06-09T16:16:30Z,False,False,False,False,False,247.145,247.19,247.16,
541,2023-06-09T16:16:40Z,False,False,False,False,False,247.13,247.12,247.09,
542,2023-06-09T16:16:50Z,False,False,False,False,False,247.1095,247.14,247.12,
543,2023-06-09T16:17:00Z,False,False,False,False,False,247.06,247.11,247.08,
544,2023-06-09T16:17:10Z,False,False,False,False,False,247.19,247.2,247.17,
545,2023-06-09T16:17:20Z,False,False,False,False,False,247.1101,247.15,247.11,
546,2023-06-09T16:17:30Z,False,False,False,False,False,247.1799,247.18,247.15,
547,2023-06-09T16:17:40Z,False,False,False,False,False,247.2419,247.31,247.27,
548,2023-06-09T16:17:50Z,False,False,False,False,False,247.2573,247.25,247.22,
549,2023-06-09T16:18:00Z,False,False,False,False,False,247.1501,247.18,247.15,
550,2023-06-09T16:18:10Z,False,False,False,False,False,246.88,246.92,246.89,
551,2023-06-09T16:18:20Z,False,False,False,False,False,246.8,246.74,246.7,
552,2023-06-09T16:18:30Z,False,False,False,False,False,246.905,246.88,246.83,
553,2023-06-09T16:18:40Z,False,False,False,False,False,246.7001,246.69,246.67,
554,2023-06-09T16:18:50Z,False,False,False,False,False,246.64,246.61,246.59,
555,2023-06-09T16:19:00Z,False,False,False,False,False,246.555,246.54,246.5,
556,2023-06-09T16:19:10Z,124.96500000000898,True,False,False,False,246.515,246.67,246.64,
557,2023-06-09T16:19:20Z,False,False,False,False,False,246.7694,246.81,246.79,
558,2023-06-09T16:19:30Z,False,False,False,False,False,246.77,246.8,246.75,
559,2023-06-09T16:19:40Z,False,False,False,False,False,246.87,246.9,246.88,
560,2023-06-09T16:19:50Z,False,False,False,False,False,246.7445,246.79,246.76,
561,2023-06-09T16:20:00Z,False,False,False,False,False,246.705,246.75,246.71,
562,2023-06-09T16:20:10Z,False,False,False,False,False,246.6849,246.67,246.63,
563,2023-06-09T16:20:20Z,False,False,False,False,False,246.525,246.53,246.5,
564,2023-06-09T16:20:30Z,False,False,False,False,False,246.5999,246.61,246.58,
565,2023-06-09T16:20:40Z,False,False,False,False,False,246.4748,246.47,246.43,
566,2023-06-09T16:20:50Z,False,False,False,False,False,246.1651,246.22,246.18,
567,2023-06-09T16:21:00Z,False,False,False,False,False,246.4255,246.48,246.43,
568,2023-06-09T16:21:10Z,False,False,False,False,False,246.505,246.48,246.44,
569,2023-06-09T16:21:20Z,False,False,False,False,False,246.08,246.25,246.21,
570,2023-06-09T16:21:30Z,False,False,False,False,False,246.22,246.24,246.21,
571,2023-06-09T16:21:40Z,False,False,False,False,False,246.1338,246.12,246.09,
572,2023-06-09T16:21:50Z,False,False,False,False,False,246.0499,246.06,246.04,
573,2023-06-09T16:22:00Z,False,False,False,False,False,246.07,246.07,246.05,
574,2023-06-09T16:22:10Z,False,False,False,False,False,245.755,245.69,245.67,
575,2023-06-09T16:22:20Z,False,False,False,False,False,245.685,245.7,245.68,
576,2023-06-09T16:22:30Z,False,False,False,False,False,245.78,245.82,245.78,
577,2023-06-09T16:22:40Z,False,False,False,False,False,245.755,245.74,245.71,
578,2023-06-09T16:22:50Z,False,False,False,False,False,245.53,245.56,245.51,
579,2023-06-09T16:23:00Z,False,False,False,False,False,245.3727,245.48,245.37,
580,2023-06-09T16:23:10Z,False,False,False,False,False,245.43,245.42,245.4,
581,2023-06-09T16:23:20Z,False,False,False,False,False,245.34,245.36,245.34,
582,2023-06-09T16:23:30Z,False,False,False,False,False,245.58,245.58,245.55,
583,2023-06-09T16:23:40Z,False,False,False,False,False,245.58,245.54,245.51,
584,2023-06-09T16:23:50Z,False,False,False,False,False,245.425,245.44,245.41,
585,2023-06-09T16:24:00Z,False,False,False,False,False,245.2219,245.23,245.22,
586,2023-06-09T16:24:10Z,False,False,False,False,False,245.35,245.35,245.33,
587,2023-06-09T16:24:20Z,False,False,False,False,False,245.4782,245.52,245.49,
588,2023-06-09T16:24:30Z,False,False,False,False,False,245.65,245.73,245.71,
589,2023-06-09T16:24:40Z,False,False,False,False,False,245.64,245.64,245.61,
590,2023-06-09T16:24:50Z,False,False,False,False,False,245.58,245.58,245.54,
591,2023-06-09T16:25:00Z,False,False,False,False,False,245.5599,245.55,245.51,
592,2023-06-09T16:25:10Z,False,False,False,False,False,245.3484,245.25,245.23,
593,2023-06-09T16:25:20Z,False,False,False,False,False,245.28,245.28,245.23,
594,2023-06-09T16:25:30Z,False,False,False,False,False,245.16,245.13,245.11,
595,2023-06-09T16:25:40Z,False,False,False,False,False,245.229,245.23,245.21,
596,2023-06-09T16:25:50Z,False,False,False,False,False,245.0,245.01,245.0,
597,2023-06-09T16:26:00Z,False,False,False,False,False,244.37,244.43,244.4,
598,2023-06-09T16:26:10Z,False,False,False,False,False,244.1685,244.17,244.14,
599,2023-06-09T16:26:20Z,False,False,False,False,False,244.0008,243.96,243.93,
600,2023-06-09T16:26:30Z,False,False,False,False,False,243.889,243.98,243.94,
601,2023-06-09T16:26:40Z,False,False,False,False,False,243.94,243.99,243.96,
602,2023-06-09T16:26:50Z,False,False,False,False,False,244.1016,244.18,244.14,
603,2023-06-09T16:27:00Z,False,False,False,False,False,244.1,244.04,244.01,
604,2023-06-09T16:27:10Z,False,False,False,False,False,243.8058,243.8,243.77,
605,2023-06-09T16:27:20Z,False,False,False,False,False,243.28,243.24,243.2,
606,2023-06-09T16:27:30Z,False,False,False,False,False,242.9453,242.85,242.81,
607,2023-06-09T16:27:40Z,False,False,False,False,False,242.8501,242.89,242.86,
608,2023-06-09T16:27:50Z,False,False,False,False,False,243.2299,243.22,243.18,
609,2023-06-09T16:28:00Z,False,False,False,False,False,243.225,243.23,243.17,
610,2023-06-09T16:28:10Z,False,False,False,False,False,243.495,243.37,243.33,
611,2023-06-09T16:28:20Z,False,False,False,False,False,243.5,243.58,243.56,
612,2023-06-09T16:28:30Z,False,False,False,False,False,243.72,243.61,243.58,
613,2023-06-09T16:28:40Z,False,False,False,False,False,243.9334,243.92,243.89,
614,2023-06-09T16:28:50Z,False,False,False,False,False,244.0606,244.12,244.02,
615,2023-06-09T16:29:00Z,False,False,False,False,False,244.02,244.02,243.99,
616,2023-06-09T16:29:10Z,False,False,False,False,False,243.71,243.74,243.71,
617,2023-06-09T16:29:20Z,False,False,False,False,False,243.755,243.8,243.76,
618,2023-06-09T16:29:30Z,False,False,False,False,False,243.9699,244.04,244.01,
619,2023-06-09T16:29:40Z,False,False,False,False,False,244.19,244.37,244.33,
620,2023-06-09T16:29:50Z,False,False,False,False,False,244.2999,244.25,244.2,
621,2023-06-09T16:30:00Z,False,False,False,False,False,244.15,244.17,244.14,
622,2023-06-09T16:30:10Z,False,False,False,False,False,243.9599,243.87,243.86,
623,2023-06-09T16:30:20Z,False,False,False,False,False,243.865,243.86,243.82,
624,2023-06-09T16:30:30Z,False,False,False,False,False,244.1799,244.14,244.1,
625,2023-06-09T16:30:40Z,False,False,False,False,False,244.11,244.17,244.13,
626,2023-06-09T16:30:50Z,False,False,False,False,False,244.24,244.28,244.26,
627,2023-06-09T16:31:00Z,False,False,False,False,False,244.4,244.39,244.37,
628,2023-06-09T16:31:10Z,False,False,False,False,False,244.46,244.48,244.46,
629,2023-06-09T16:31:20Z,False,False,False,False,False,244.44,244.5,244.47,
630,2023-06-09T16:31:30Z,False,False,False,False,False,244.42,244.43,244.41,
631,2023-06-09T16:31:40Z,False,False,False,False,False,244.345,244.39,244.35,
632,2023-06-09T16:31:50Z,False,False,False,False,False,244.3336,244.37,244.33,
633,2023-06-09T16:32:00Z,False,False,False,False,False,244.3,244.35,244.33,
634,2023-06-09T16:32:10Z,False,False,False,False,False,244.4447,244.45,244.42,
635,2023-06-09T16:32:20Z,False,False,False,False,False,244.4608,244.53,244.5,
636,2023-06-09T16:32:30Z,False,False,False,False,False,244.75,244.74,244.71,
637,2023-06-09T16:32:40Z,False,False,False,False,False,244.55,244.58,244.56,
638,2023-06-09T16:32:50Z,False,False,False,False,False,244.59,244.59,244.55,
639,2023-06-09T16:33:00Z,False,False,False,False,False,244.615,244.61,244.57,
640,2023-06-09T16:33:10Z,False,False,False,False,False,244.4301,244.46,244.43,
641,2023-06-09T16:33:20Z,False,False,False,False,False,244.3984,244.41,244.38,
642,2023-06-09T16:33:30Z,False,False,False,False,False,244.49,244.54,244.47,
643,2023-06-09T16:33:40Z,False,False,False,False,False,244.5,244.52,244.48,
644,2023-06-09T16:33:50Z,False,False,False,False,False,244.4231,244.44,244.41,
645,2023-06-09T16:34:00Z,False,False,False,False,False,244.41,244.42,244.39,
646,2023-06-09T16:34:10Z,False,False,False,False,False,244.237,244.23,244.21,
647,2023-06-09T16:34:20Z,False,False,False,False,False,244.36,244.38,244.34,
648,2023-06-09T16:34:30Z,False,False,False,False,False,244.2869,244.31,244.28,
649,2023-06-09T16:34:40Z,False,False,False,False,False,244.17,244.2,244.17,
650,2023-06-09T16:34:50Z,False,False,False,False,False,244.165,244.16,244.12,
651,2023-06-09T16:35:00Z,False,False,False,False,False,243.96,243.95,243.94,
652,2023-06-09T16:35:10Z,False,False,False,False,False,243.8049,243.76,243.73,
653,2023-06-09T16:35:20Z,False,False,False,False,False,243.675,243.73,243.69,
654,2023-06-09T16:35:30Z,False,False,False,False,False,243.6443,243.66,243.63,
655,2023-06-09T16:35:40Z,False,False,False,False,False,243.63,243.7,243.67,
656,2023-06-09T16:35:50Z,False,False,False,False,False,243.735,243.77,243.74,
657,2023-06-09T16:36:00Z,False,False,False,False,False,243.61,243.64,243.59,
658,2023-06-09T16:36:10Z,False,False,False,False,False,243.6199,243.61,243.56,
659,2023-06-09T16:36:20Z,False,False,False,False,False,243.54,243.49,243.46,
660,2023-06-09T16:36:30Z,False,False,False,False,False,243.415,243.43,243.4,
661,2023-06-09T16:36:40Z,False,False,False,False,False,243.295,243.29,243.27,
662,2023-06-09T16:36:50Z,False,False,False,False,False,243.225,243.25,243.22,
663,2023-06-09T16:37:00Z,False,False,False,False,False,243.335,243.33,243.3,
664,2023-06-09T16:37:10Z,False,False,False,False,False,243.5499,243.58,243.54,
665,2023-06-09T16:37:20Z,False,False,False,False,False,243.57,243.55,243.53,
666,2023-06-09T16:37:30Z,False,False,False,False,False,243.6588,243.68,243.65,
667,2023-06-09T16:37:40Z,False,False,False,False,False,243.4386,243.42,243.38,
668,2023-06-09T16:37:50Z,False,False,False,False,False,243.3989,243.4,243.38,
669,2023-06-09T16:38:00Z,False,False,False,False,False,243.377,243.31,243.3,
670,2023-06-09T16:38:10Z,False,False,False,False,False,243.0,242.92,242.9,
671,2023-06-09T16:38:20Z,False,False,False,False,False,242.1261,242.23,242.15,
672,2023-06-09T16:38:30Z,False,False,False,False,False,242.64,242.65,242.61,
673,2023-06-09T16:38:40Z,False,False,False,False,False,242.75,242.72,242.68,
674,2023-06-09T16:38:50Z,False,False,False,False,False,242.78,242.66,242.62,
675,2023-06-09T16:39:00Z,False,False,False,False,False,242.6836,242.86,242.83,
676,2023-06-09T16:39:10Z,False,False,False,False,False,242.61,242.63,242.6,
677,2023-06-09T16:39:20Z,False,False,False,False,False,242.2101,242.28,242.25,
678,2023-06-09T16:39:30Z,False,False,False,False,False,242.2546,242.32,242.29,
679,2023-06-09T16:39:40Z,False,False,False,False,False,242.25,242.27,242.23,
680,2023-06-09T16:39:50Z,False,False,False,False,False,242.46,242.49,242.51,
681,2023-06-09T16:40:00Z,False,False,False,False,False,242.74,242.8,242.75,
682,2023-06-09T16:40:10Z,False,False,False,False,False,242.62,242.67,242.64,
683,2023-06-09T16:40:20Z,False,False,False,False,False,242.395,242.42,242.38,
684,2023-06-09T16:40:30Z,False,False,False,False,False,242.26,242.25,242.2,
685,2023-06-09T16:40:40Z,False,False,False,False,False,242.05,242.12,242.06,
686,2023-06-09T16:40:50Z,False,False,False,False,False,242.31,242.3,242.27,
687,2023-06-09T16:41:00Z,False,False,False,False,False,242.42,242.51,242.49,
688,2023-06-09T16:41:10Z,False,False,False,False,False,242.75,242.79,242.79,
689,2023-06-09T16:41:20Z,False,False,False,False,False,243.02,242.94,242.9,
690,2023-06-09T16:41:30Z,False,False,False,False,False,243.13,243.15,243.14,
691,2023-06-09T16:41:40Z,False,False,False,False,False,243.232,243.19,243.16,
692,2023-06-09T16:41:50Z,False,False,False,False,False,243.26,243.36,243.33,
693,2023-06-09T16:42:00Z,False,False,False,False,False,243.348,243.37,243.33,
694,2023-06-09T16:42:10Z,False,False,False,False,False,243.51,243.6,243.56,
695,2023-06-09T16:42:20Z,False,False,False,False,False,243.6056,243.62,243.59,
696,2023-06-09T16:42:30Z,False,False,False,False,False,243.6934,243.72,243.7,
697,2023-06-09T16:42:40Z,False,False,False,False,False,243.705,243.71,243.69,
698,2023-06-09T16:42:50Z,False,False,False,False,False,243.88,243.87,243.83,
699,2023-06-09T16:43:00Z,False,False,False,False,False,243.9631,243.98,243.95,
700,2023-06-09T16:43:10Z,False,False,False,False,False,243.9699,243.95,243.91,
701,2023-06-09T16:43:20Z,False,False,False,False,False,243.9249,243.94,243.92,
702,2023-06-09T16:43:30Z,False,False,False,False,False,243.89,243.95,243.93,
703,2023-06-09T16:43:40Z,False,False,False,False,False,244.1261,244.18,244.18,
704,2023-06-09T16:43:50Z,False,False,False,False,False,244.0599,244.09,244.05,
705,2023-06-09T16:44:00Z,False,False,False,False,False,244.1341,244.15,244.1,
706,2023-06-09T16:44:10Z,False,False,False,False,False,243.955,243.99,243.95,
707,2023-06-09T16:44:20Z,False,False,False,False,False,244.1499,244.2,244.17,
708,2023-06-09T16:44:30Z,False,False,False,False,False,244.28,244.3,244.26,
709,2023-06-09T16:44:40Z,False,False,False,False,False,244.27,244.3,244.27,
710,2023-06-09T16:44:50Z,False,False,False,False,False,244.365,244.44,244.4,
711,2023-06-09T16:45:00Z,False,False,False,False,False,244.53,244.6,244.59,
712,2023-06-09T16:45:10Z,False,False,False,False,False,244.54,244.55,244.52,
713,2023-06-09T16:45:20Z,False,False,False,False,False,244.6282,244.67,244.64,
714,2023-06-09T16:45:30Z,False,False,False,False,False,244.32,244.31,244.27,
715,2023-06-09T16:45:40Z,False,False,False,False,False,244.3933,244.44,244.41,
716,2023-06-09T16:45:50Z,False,False,False,False,False,244.375,244.4,244.38,
717,2023-06-09T16:46:00Z,False,False,False,False,False,244.44,244.5,244.49,
718,2023-06-09T16:46:10Z,False,False,False,False,False,244.31,244.38,244.34,
719,2023-06-09T16:46:20Z,False,False,False,False,False,244.6,244.65,244.63,
720,2023-06-09T16:46:30Z,False,False,False,False,False,244.6968,244.73,244.7,
721,2023-06-09T16:46:40Z,False,False,False,False,False,244.6302,244.67,244.64,
722,2023-06-09T16:46:50Z,False,False,False,False,False,244.6383,244.63,244.58,
723,2023-06-09T16:47:00Z,False,False,False,False,False,244.67,244.66,244.62,
724,2023-06-09T16:47:10Z,False,False,False,False,False,244.53,244.6,244.6,
725,2023-06-09T16:47:20Z,False,False,False,False,False,244.5021,244.47,244.43,
726,2023-06-09T16:47:30Z,False,False,False,False,False,244.191,244.25,244.21,
727,2023-06-09T16:47:40Z,False,False,False,False,False,244.43,244.4,244.37,
728,2023-06-09T16:47:50Z,False,False,False,False,False,244.41,244.4,244.37,
729,2023-06-09T16:48:00Z,False,False,False,False,False,244.59,244.49,244.45,
730,2023-06-09T16:48:10Z,False,False,False,False,False,244.475,244.5,244.46,
731,2023-06-09T16:48:20Z,False,False,False,False,False,244.69,244.75,244.71,
732,2023-06-09T16:48:30Z,False,False,False,False,False,244.8601,244.86,244.83,
733,2023-06-09T16:48:40Z,False,False,False,False,False,244.895,244.88,244.84,
734,2023-06-09T16:48:50Z,False,False,False,False,False,244.96,245.0,244.97,
735,2023-06-09T16:49:00Z,False,False,False,False,False,245.1499,245.17,245.15,
736,2023-06-09T16:49:10Z,False,False,False,False,False,245.405,245.45,245.42,
737,2023-06-09T16:49:20Z,False,False,False,False,False,245.4599,245.54,245.51,
738,2023-06-09T16:49:30Z,False,False,False,False,False,245.4503,245.51,245.47,
739,2023-06-09T16:49:40Z,False,False,False,False,False,245.5599,245.61,245.59,
740,2023-06-09T16:49:50Z,False,False,False,False,False,245.6072,245.7,245.66,
741,2023-06-09T16:50:00Z,False,False,False,False,False,245.8,245.83,245.8,
742,2023-06-09T16:50:10Z,False,False,False,False,False,245.79,245.81,245.78,
743,2023-06-09T16:50:20Z,False,False,False,False,False,245.69,245.76,245.72,
744,2023-06-09T16:50:30Z,False,False,False,False,False,245.83,245.89,245.86,
745,2023-06-09T16:50:40Z,False,False,False,False,False,245.82,245.86,245.82,
746,2023-06-09T16:50:50Z,False,False,False,False,False,245.79,245.85,245.82,
747,2023-06-09T16:51:00Z,False,False,False,False,False,245.8506,245.85,245.85,
748,2023-06-09T16:51:10Z,False,False,False,False,False,245.985,245.97,245.94,
749,2023-06-09T16:51:20Z,False,False,False,False,False,246.24,246.2,246.17,
750,2023-06-09T16:51:30Z,False,False,False,False,False,246.01,246.06,246.04,
751,2023-06-09T16:51:40Z,False,False,False,False,False,245.8056,245.81,245.7,
752,2023-06-09T16:51:50Z,False,False,False,False,False,245.793,245.81,245.78,
753,2023-06-09T16:52:00Z,False,False,False,False,False,245.875,245.91,245.87,
754,2023-06-09T16:52:10Z,False,False,False,False,False,246.063,246.08,246.04,
755,2023-06-09T16:52:20Z,False,False,False,False,False,245.8519,245.85,245.81,
756,2023-06-09T16:52:30Z,False,False,False,False,False,245.735,245.75,245.71,
757,2023-06-09T16:52:40Z,False,False,False,False,False,245.79,245.77,245.73,
758,2023-06-09T16:52:50Z,False,False,False,False,False,245.84,245.81,245.82,
759,2023-06-09T16:53:00Z,False,False,False,False,False,245.8264,245.82,245.78,
760,2023-06-09T16:53:10Z,False,False,False,False,False,245.8406,245.81,245.78,
761,2023-06-09T16:53:20Z,False,False,False,False,False,245.77,245.81,245.77,
762,2023-06-09T16:53:30Z,False,False,False,False,False,245.485,245.46,245.4,
763,2023-06-09T16:53:40Z,False,False,False,False,False,245.4806,245.5,245.47,
764,2023-06-09T16:53:50Z,False,False,False,False,False,245.5479,245.55,245.51,
765,2023-06-09T16:54:00Z,False,False,False,False,False,245.47,245.48,245.45,
766,2023-06-09T16:54:10Z,False,False,False,False,False,245.38,245.44,245.41,
767,2023-06-09T16:54:20Z,False,False,False,False,False,245.4803,245.49,245.46,
768,2023-06-09T16:54:30Z,False,False,False,False,False,245.49,245.51,245.47,
769,2023-06-09T16:54:40Z,False,False,False,False,False,245.5999,245.61,245.57,
770,2023-06-09T16:54:50Z,False,False,False,False,False,245.69,245.69,245.63,
771,2023-06-09T16:55:00Z,False,False,False,False,False,245.6191,245.59,245.56,
772,2023-06-09T16:55:10Z,False,False,False,False,False,245.38,245.4,245.38,
773,2023-06-09T16:55:20Z,False,False,False,False,False,245.3701,245.43,245.39,
774,2023-06-09T16:55:30Z,False,False,False,False,False,245.34,245.41,245.37,
775,2023-06-09T16:55:40Z,False,False,False,False,False,245.385,245.39,245.36,
776,2023-06-09T16:55:50Z,False,False,False,False,False,245.3051,245.33,245.3,
777,2023-06-09T16:56:00Z,False,False,False,False,False,245.13,245.23,245.16,
778,2023-06-09T16:56:10Z,False,False,False,False,False,245.305,245.29,245.25,
779,2023-06-09T16:56:20Z,False,False,False,False,False,245.19,245.2,245.18,
780,2023-06-09T16:56:30Z,False,False,False,False,False,245.06,245.11,245.09,
781,2023-06-09T16:56:40Z,False,False,False,False,False,245.06,245.12,245.1,
782,2023-06-09T16:56:50Z,False,False,False,False,False,245.4,245.44,245.41,
783,2023-06-09T16:57:00Z,False,False,False,False,False,245.61,245.66,245.63,
784,2023-06-09T16:57:10Z,False,False,False,False,False,245.8587,245.81,245.77,
785,2023-06-09T16:57:20Z,False,False,False,False,False,245.6701,245.62,245.59,
786,2023-06-09T16:57:30Z,False,False,False,False,False,245.6,245.62,245.59,
787,2023-06-09T16:57:40Z,False,False,False,False,False,245.6457,245.66,245.63,
788,2023-06-09T16:57:50Z,False,False,False,False,False,245.74,245.75,245.72,
789,2023-06-09T16:58:00Z,False,False,False,False,False,245.735,245.76,245.74,
790,2023-06-09T16:58:10Z,False,False,False,False,False,245.68,245.69,245.66,
791,2023-06-09T16:58:20Z,False,False,False,False,False,245.7749,245.8,245.76,
792,2023-06-09T16:58:30Z,False,False,False,False,False,245.78,245.77,245.75,
793,2023-06-09T16:58:40Z,False,False,False,False,False,245.8,245.85,245.81,
794,2023-06-09T16:58:50Z,False,False,False,False,False,245.9398,245.92,245.88,
795,2023-06-09T16:59:00Z,False,False,False,False,False,245.8401,245.94,245.89,
796,2023-06-09T16:59:10Z,False,False,False,False,False,246.02,246.02,246.0,
797,2023-06-09T16:59:20Z,False,False,False,False,False,246.27,246.34,246.31,
798,2023-06-09T16:59:30Z,False,False,False,False,False,246.305,246.42,246.4,
799,2023-06-09T16:59:40Z,False,False,False,False,False,246.6201,246.54,246.52,
800,2023-06-09T16:59:50Z,False,False,False,False,False,246.6801,246.68,246.65,
801,2023-06-09T17:00:00Z,False,False,False,False,False,246.6158,246.72,246.7,
802,2023-06-09T17:00:10Z,False,False,False,False,False,246.67,246.59,246.55,
803,2023-06-09T17:00:20Z,False,False,False,False,False,246.5542,246.62,246.58,
804,2023-06-09T17:00:30Z,False,False,False,False,False,246.545,246.55,246.51,
805,2023-06-09T17:00:40Z,False,False,False,False,False,246.4791,246.49,246.46,
806,2023-06-09T17:00:50Z,False,False,False,False,False,246.45,246.44,246.4,
807,2023-06-09T17:01:00Z,False,False,False,False,False,246.29,246.35,246.31,
808,2023-06-09T17:01:10Z,False,False,False,False,False,246.38,246.41,246.37,
809,2023-06-09T17:01:20Z,False,False,False,False,False,246.209,246.27,246.24,
810,2023-06-09T17:01:30Z,False,False,False,False,False,246.34,246.31,246.31,
811,2023-06-09T17:01:40Z,False,False,False,False,False,246.2624,246.3,246.27,
812,2023-06-09T17:01:50Z,False,False,False,False,False,246.259,246.28,246.27,
813,2023-06-09T17:02:00Z,False,False,False,False,False,246.4013,246.44,246.4,
814,2023-06-09T17:02:10Z,False,False,False,False,False,246.27,246.25,246.22,
815,2023-06-09T17:02:20Z,False,False,False,False,False,246.14,246.18,246.14,
816,2023-06-09T17:02:30Z,False,False,False,False,False,246.02,246.05,246.03,
817,2023-06-09T17:02:40Z,False,False,False,False,False,246.095,246.18,246.16,
818,2023-06-09T17:02:50Z,False,False,False,False,False,246.1656,246.23,246.2,
819,2023-06-09T17:03:00Z,False,False,False,False,False,246.2,246.19,246.16,
820,2023-06-09T17:03:10Z,False,False,False,False,False,246.3145,246.34,246.3,
821,2023-06-09T17:03:20Z,False,False,False,False,False,246.3999,246.4,246.37,
822,2023-06-09T17:03:30Z,False,False,False,False,False,246.2999,246.35,246.31,
823,2023-06-09T17:03:40Z,False,False,False,False,False,246.1182,246.1,246.09,
824,2023-06-09T17:03:50Z,False,False,False,False,False,246.17,246.19,246.15,
825,2023-06-09T17:04:00Z,False,False,False,False,False,246.3,246.3,246.27,
826,2023-06-09T17:04:10Z,False,False,False,False,False,246.4336,246.5,246.45,
827,2023-06-09T17:04:20Z,False,False,False,False,False,246.5275,246.55,246.51,
828,2023-06-09T17:04:30Z,False,False,False,False,False,246.7199,246.73,246.7,
829,2023-06-09T17:04:40Z,False,False,False,False,False,246.6601,246.74,246.71,
830,2023-06-09T17:04:50Z,False,False,False,False,False,246.7201,246.74,246.71,
831,2023-06-09T17:05:00Z,False,False,False,False,False,246.6199,246.7,246.67,
832,2023-06-09T17:05:10Z,False,False,False,False,False,246.59,246.62,246.57,
833,2023-06-09T17:05:20Z,False,False,False,False,False,246.5715,246.6,246.58,
834,2023-06-09T17:05:30Z,False,False,False,False,False,246.5801,246.59,246.58,
835,2023-06-09T17:05:40Z,False,False,False,False,False,246.5274,246.5,246.47,
836,2023-06-09T17:05:50Z,False,False,False,False,False,246.53,246.54,246.51,
837,2023-06-09T17:06:00Z,False,False,False,False,False,246.5,246.51,246.48,
838,2023-06-09T17:06:10Z,False,False,False,False,False,246.25,246.3,246.25,
839,2023-06-09T17:06:20Z,False,False,False,False,False,246.22,246.31,246.27,
840,2023-06-09T17:06:30Z,False,False,False,False,False,246.2841,246.3,246.26,
841,2023-06-09T17:06:40Z,False,False,False,False,False,246.25,246.26,246.22,
842,2023-06-09T17:06:50Z,False,False,False,False,False,246.18,246.19,246.17,
843,2023-06-09T17:07:00Z,False,False,False,False,False,246.22,246.24,246.21,
844,2023-06-09T17:07:10Z,False,False,False,False,False,246.5415,246.61,246.58,
845,2023-06-09T17:07:20Z,False,False,False,False,False,246.71,246.74,246.7,
846,2023-06-09T17:07:30Z,False,False,False,False,False,247.0172,246.92,246.89,
847,2023-06-09T17:07:40Z,False,False,False,False,False,246.8,246.81,246.79,
848,2023-06-09T17:07:50Z,False,False,False,False,False,246.83,246.83,246.8,
849,2023-06-09T17:08:00Z,False,False,False,False,False,246.7716,246.83,246.79,
850,2023-06-09T17:08:10Z,False,False,False,False,False,246.8351,246.93,246.9,
851,2023-06-09T17:08:20Z,False,False,False,False,False,246.97,247.0,246.96,
852,2023-06-09T17:08:30Z,False,False,False,False,False,247.09,247.06,247.03,
853,2023-06-09T17:08:40Z,False,False,False,False,False,247.1401,247.14,247.13,
854,2023-06-09T17:08:50Z,False,False,False,False,False,247.15,247.16,247.12,
855,2023-06-09T17:09:00Z,False,False,False,False,False,247.0599,247.06,247.02,
856,2023-06-09T17:09:10Z,False,False,False,False,False,247.16,247.18,247.15,
857,2023-06-09T17:09:20Z,False,False,False,False,False,247.25,247.28,247.26,
858,2023-06-09T17:09:30Z,False,False,False,False,False,247.22,247.22,247.19,
859,2023-06-09T17:09:40Z,False,False,False,False,False,247.28,247.29,247.26,
860,2023-06-09T17:09:50Z,False,False,False,False,False,247.2885,247.29,247.26,
861,2023-06-09T17:10:00Z,False,False,False,False,False,247.3885,247.4,247.37,
862,2023-06-09T17:10:10Z,False,False,False,False,False,247.4,247.35,247.32,
863,2023-06-09T17:10:20Z,False,False,False,False,False,247.21,247.24,247.24,
864,2023-06-09T17:10:30Z,False,False,False,False,False,247.0987,247.1,247.07,
865,2023-06-09T17:10:40Z,False,False,False,False,False,247.03,247.02,247.0,
866,2023-06-09T17:10:50Z,False,False,False,False,False,247.1499,247.12,247.09,
867,2023-06-09T17:11:00Z,False,False,False,False,False,247.03,247.04,247.02,
868,2023-06-09T17:11:10Z,False,False,False,False,False,246.875,246.89,246.86,
869,2023-06-09T17:11:20Z,False,False,False,False,False,246.82,246.77,246.73,
870,2023-06-09T17:11:30Z,False,False,False,False,False,246.9,246.9,246.87,
871,2023-06-09T17:11:40Z,False,False,False,False,False,247.04,247.05,247.02,
872,2023-06-09T17:11:50Z,False,False,False,False,False,246.77,246.84,246.8,
873,2023-06-09T17:12:00Z,False,False,False,False,False,246.7116,246.77,246.74,
874,2023-06-09T17:12:10Z,False,False,False,False,False,246.52,246.51,246.46,
875,2023-06-09T17:12:20Z,False,False,False,False,False,246.69,246.69,246.65,
876,2023-06-09T17:12:30Z,False,False,False,False,False,246.5901,246.61,246.59,
877,2023-06-09T17:12:40Z,False,False,False,False,False,246.7,246.7,246.66,
878,2023-06-09T17:12:50Z,False,False,False,False,False,246.6,246.64,246.6,
879,2023-06-09T17:13:00Z,False,False,False,False,False,246.605,246.62,246.6,
880,2023-06-09T17:13:10Z,False,False,False,False,False,246.655,246.68,246.66,
881,2023-06-09T17:13:20Z,False,False,False,False,False,246.79,246.81,246.78,
882,2023-06-09T17:13:30Z,False,False,False,False,False,246.855,246.85,246.82,
883,2023-06-09T17:13:40Z,False,False,False,False,False,246.8083,246.8,246.77,
884,2023-06-09T17:13:50Z,False,False,False,False,False,246.865,246.88,246.86,
885,2023-06-09T17:14:00Z,False,False,False,False,False,246.885,246.89,246.87,
886,2023-06-09T17:14:10Z,False,False,False,False,False,246.945,246.99,246.95,
887,2023-06-09T17:14:20Z,False,False,False,False,False,246.89,246.86,246.84,
888,2023-06-09T17:14:30Z,False,False,False,False,False,246.84,246.84,246.81,
889,2023-06-09T17:14:40Z,False,False,False,False,False,246.83,246.85,246.82,
890,2023-06-09T17:14:50Z,False,False,False,False,False,246.88,246.88,246.86,
891,2023-06-09T17:15:00Z,False,False,False,False,False,246.875,246.9,246.88,
892,2023-06-09T17:15:10Z,False,False,False,False,False,246.82,246.85,246.82,
893,2023-06-09T17:15:20Z,False,False,False,False,False,247.04,247.05,247.03,
894,2023-06-09T17:15:30Z,False,False,False,False,False,246.98,246.99,246.99,
895,2023-06-09T17:15:40Z,False,False,False,False,False,246.95,246.96,246.93,
896,2023-06-09T17:15:50Z,False,False,False,False,False,246.975,246.97,246.94,
897,2023-06-09T17:16:00Z,False,False,False,False,False,246.935,246.97,246.93,
898,2023-06-09T17:16:10Z,False,False,False,False,False,247.14,247.17,247.14,
899,2023-06-09T17:16:20Z,False,False,False,False,False,247.02,247.06,247.04,
900,2023-06-09T17:16:30Z,False,False,False,False,False,247.06,247.06,247.03,
901,2023-06-09T17:16:40Z,False,False,False,False,False,247.02,247.08,247.05,
902,2023-06-09T17:16:50Z,False,False,False,False,False,247.165,247.18,247.16,
903,2023-06-09T17:17:00Z,False,False,False,False,False,247.135,247.17,247.16,
904,2023-06-09T17:17:10Z,False,False,False,False,False,247.11,247.05,247.01,
905,2023-06-09T17:17:20Z,False,False,False,False,False,247.0115,247.03,247.0,
906,2023-06-09T17:17:30Z,False,False,False,False,False,246.98,247.14,247.1,
907,2023-06-09T17:17:40Z,False,False,False,False,False,247.13,247.25,247.21,
908,2023-06-09T17:17:50Z,False,False,False,False,False,247.21,247.17,247.15,
909,2023-06-09T17:18:00Z,False,False,False,False,False,247.22,247.25,247.22,
910,2023-06-09T17:18:10Z,False,False,False,False,False,247.2265,247.29,247.26,
911,2023-06-09T17:18:20Z,False,False,False,False,False,247.09,247.13,247.11,
912,2023-06-09T17:18:30Z,False,False,False,False,False,247.045,247.06,247.01,
913,2023-06-09T17:18:40Z,False,False,False,False,False,246.85,246.87,246.84,
914,2023-06-09T17:18:50Z,False,False,False,False,False,246.8909,246.97,246.95,
915,2023-06-09T17:19:00Z,False,False,False,False,False,246.98,247.0,246.96,
916,2023-06-09T17:19:10Z,False,False,False,False,False,246.715,246.72,246.68,
917,2023-06-09T17:19:20Z,False,False,False,False,False,246.75,246.79,246.74,
918,2023-06-09T17:19:30Z,False,False,False,False,False,246.89,246.93,246.89,
919,2023-06-09T17:19:40Z,False,False,False,False,False,246.8,246.82,246.79,
920,2023-06-09T17:19:50Z,False,False,False,False,False,246.68,246.69,246.66,
921,2023-06-09T17:20:00Z,False,False,False,False,False,246.515,246.49,246.46,
922,2023-06-09T17:20:10Z,False,False,False,False,False,246.265,246.33,246.3,
923,2023-06-09T17:20:20Z,False,False,False,False,False,246.186,246.24,246.2,
924,2023-06-09T17:20:30Z,False,False,False,False,False,246.2841,246.29,246.25,
925,2023-06-09T17:20:40Z,False,False,False,False,False,246.3499,246.34,246.3,
926,2023-06-09T17:20:50Z,False,False,False,False,False,246.4685,246.42,246.42,
927,2023-06-09T17:21:00Z,False,False,False,False,False,246.455,246.5,246.47,
928,2023-06-09T17:21:10Z,False,False,False,False,False,246.48,246.51,246.47,
929,2023-06-09T17:21:20Z,False,False,False,False,False,246.4961,246.52,246.5,
930,2023-06-09T17:21:30Z,False,False,False,False,False,246.5733,246.68,246.64,
931,2023-06-09T17:21:40Z,False,False,False,False,False,246.74,246.75,246.73,
932,2023-06-09T17:21:50Z,False,False,False,False,False,246.61,246.63,246.61,
933,2023-06-09T17:22:00Z,False,False,False,False,False,246.53,246.58,246.54,
934,2023-06-09T17:22:10Z,False,False,False,False,False,246.68,246.7,246.66,
935,2023-06-09T17:22:20Z,False,False,False,False,False,246.7199,246.77,246.75,
936,2023-06-09T17:22:30Z,False,False,False,False,False,246.735,246.75,246.72,
937,2023-06-09T17:22:40Z,False,False,False,False,False,246.75,246.79,246.76,
938,2023-06-09T17:22:50Z,False,False,False,False,False,246.7715,246.78,246.77,
939,2023-06-09T17:23:00Z,False,False,False,False,False,246.7199,246.71,246.68,
940,2023-06-09T17:23:10Z,False,False,False,False,False,246.8218,246.84,246.81,
941,2023-06-09T17:23:20Z,False,False,False,False,False,246.82,246.81,246.78,
942,2023-06-09T17:23:30Z,False,False,False,False,False,246.7447,246.74,246.72,
943,2023-06-09T17:23:40Z,False,False,False,False,False,246.765,246.77,246.77,
944,2023-06-09T17:23:50Z,False,False,False,False,False,246.7145,246.73,246.71,
945,2023-06-09T17:24:00Z,False,False,False,False,False,246.7153,246.79,246.75,
946,2023-06-09T17:24:10Z,False,False,False,False,False,246.7,246.72,246.7,
947,2023-06-09T17:24:20Z,False,False,False,False,False,246.815,246.83,246.81,
948,2023-06-09T17:24:30Z,False,False,False,False,False,246.9952,247.02,246.98,
949,2023-06-09T17:24:40Z,False,False,False,False,False,247.1183,247.12,247.09,
950,2023-06-09T17:24:50Z,False,False,False,False,False,247.07,247.09,247.07,
951,2023-06-09T17:25:00Z,False,False,False,False,False,247.165,247.17,247.13,
952,2023-06-09T17:25:10Z,False,False,False,False,False,246.9501,247.04,247.01,
953,2023-06-09T17:25:20Z,False,False,False,False,False,247.01,247.02,246.99,
954,2023-06-09T17:25:30Z,False,False,False,False,False,247.0,247.01,246.99,
955,2023-06-09T17:25:40Z,False,False,False,False,False,247.0901,247.11,247.08,
956,2023-06-09T17:25:50Z,False,False,False,False,False,247.1033,247.12,247.09,
957,2023-06-09T17:26:00Z,False,False,False,False,False,247.09,247.1,247.08,
958,2023-06-09T17:26:10Z,False,False,False,False,False,247.2999,247.3,247.26,
959,2023-06-09T17:26:20Z,False,False,False,False,False,247.4,247.44,247.41,
960,2023-06-09T17:26:30Z,False,False,False,False,False,247.525,247.51,247.48,
961,2023-06-09T17:26:40Z,False,False,False,False,False,247.5101,247.54,247.5,
962,2023-06-09T17:26:50Z,False,False,False,False,False,247.465,247.45,247.41,
963,2023-06-09T17:27:00Z,False,False,False,False,False,247.405,247.41,247.38,
964,2023-06-09T17:27:10Z,False,False,False,False,False,247.5601,247.57,247.55,
965,2023-06-09T17:27:20Z,False,False,False,False,False,247.66,247.67,247.65,
966,2023-06-09T17:27:30Z,False,False,False,False,False,247.85,247.88,247.85,
967,2023-06-09T17:27:40Z,False,False,False,False,False,247.7,247.75,247.71,
968,2023-06-09T17:27:50Z,False,False,False,False,False,247.6724,247.74,247.71,
969,2023-06-09T17:28:00Z,False,False,False,False,False,247.6655,247.73,247.71,
970,2023-06-09T17:28:10Z,False,False,False,False,False,247.72,247.78,247.76,
971,2023-06-09T17:28:20Z,False,False,False,False,False,247.42,247.45,247.4,
972,2023-06-09T17:28:30Z,False,False,False,False,False,247.56,247.61,247.57,
973,2023-06-09T17:28:40Z,False,False,False,False,False,247.751,247.82,247.74,
974,2023-06-09T17:28:50Z,False,False,False,False,False,247.72,247.78,247.75,
975,2023-06-09T17:29:00Z,False,False,False,False,False,247.75,247.7,247.68,
976,2023-06-09T17:29:10Z,False,False,False,False,False,247.595,247.6,247.59,
977,2023-06-09T17:29:20Z,False,False,False,False,False,247.57,247.56,247.55,
978,2023-06-09T17:29:30Z,False,False,False,False,False,247.55,247.56,247.54,
979,2023-06-09T17:29:40Z,False,False,False,False,False,247.44,247.47,247.43,
980,2023-06-09T17:29:50Z,False,False,False,False,False,247.325,247.38,247.34,
981,2023-06-09T17:30:00Z,False,False,False,False,False,247.335,247.43,247.39,
982,2023-06-09T17:30:10Z,False,False,False,False,False,247.1845,247.18,247.14,
983,2023-06-09T17:30:20Z,False,False,False,False,False,247.0641,247.12,247.09,
984,2023-06-09T17:30:30Z,False,False,False,False,False,247.0501,247.1,247.08,
985,2023-06-09T17:30:40Z,False,False,False,False,False,247.28,247.36,247.32,
986,2023-06-09T17:30:50Z,False,False,False,False,False,247.3,247.3,247.28,
987,2023-06-09T17:31:00Z,False,False,False,False,False,247.2199,247.26,247.23,
988,2023-06-09T17:31:10Z,False,False,False,False,False,247.31,247.34,247.31,
989,2023-06-09T17:31:20Z,False,False,False,False,False,247.3341,247.36,247.33,
990,2023-06-09T17:31:30Z,False,False,False,False,False,247.2503,247.26,247.23,
991,2023-06-09T17:31:40Z,False,False,False,False,False,247.2199,247.26,247.23,
992,2023-06-09T17:31:50Z,False,False,False,False,False,247.33,247.34,247.31,
993,2023-06-09T17:32:00Z,False,False,False,False,False,247.23,247.23,247.2,
994,2023-06-09T17:32:10Z,False,False,False,False,False,247.2519,247.27,247.24,
995,2023-06-09T17:32:20Z,False,False,False,False,False,247.12,247.0,246.97,
996,2023-06-09T17:32:30Z,False,False,False,False,False,246.968,246.97,246.93,
997,2023-06-09T17:32:40Z,False,False,False,False,False,246.68,246.71,246.68,
998,2023-06-09T17:32:50Z,False,False,False,False,False,246.81,246.83,246.8,
999,2023-06-09T17:33:00Z,False,False,False,False,False,246.6414,246.63,246.6,
1000,2023-06-09T17:33:10Z,False,False,False,False,False,246.7571,246.72,246.69,
1001,2023-06-09T17:33:20Z,False,False,False,False,False,246.78,246.82,246.79,
1002,2023-06-09T17:33:30Z,False,False,False,False,False,246.67,246.68,246.64,
1003,2023-06-09T17:33:40Z,False,False,False,False,False,246.735,246.78,246.72,
1004,2023-06-09T17:33:50Z,False,False,False,False,False,246.76,246.83,246.82,
1005,2023-06-09T17:34:00Z,False,False,False,False,False,246.67,246.69,246.66,
1006,2023-06-09T17:34:10Z,False,False,False,False,False,246.4737,246.51,246.48,
1007,2023-06-09T17:34:20Z,False,False,False,False,False,246.275,246.26,246.24,
1008,2023-06-09T17:34:30Z,False,False,False,False,False,246.19,246.21,246.16,
1009,2023-06-09T17:34:40Z,False,False,False,False,False,246.17,246.12,246.08,
1010,2023-06-09T17:34:50Z,False,False,False,False,False,245.9,245.88,245.85,
1011,2023-06-09T17:35:00Z,False,False,False,False,False,245.88,245.87,245.83,
1012,2023-06-09T17:35:10Z,False,False,False,False,False,245.86,245.83,245.8,
1013,2023-06-09T17:35:20Z,False,False,False,False,False,245.73,245.74,245.71,
1014,2023-06-09T17:35:30Z,False,False,False,False,False,245.72,245.79,245.76,
1015,2023-06-09T17:35:40Z,False,False,False,False,False,245.635,245.66,245.63,
1016,2023-06-09T17:35:50Z,False,False,False,False,False,245.56,245.6,245.56,
1017,2023-06-09T17:36:00Z,False,False,False,False,False,245.26,245.36,245.35,
1018,2023-06-09T17:36:10Z,False,False,False,False,False,245.515,245.51,245.48,
1019,2023-06-09T17:36:20Z,False,False,False,False,False,245.6282,245.64,245.6,
1020,2023-06-09T17:36:30Z,False,False,False,False,False,245.7299,245.75,245.72,
1021,2023-06-09T17:36:40Z,False,False,False,False,False,245.8388,245.84,245.8,
1022,2023-06-09T17:36:50Z,False,False,False,False,False,245.82,245.84,245.81,
1023,2023-06-09T17:37:00Z,False,False,False,False,False,245.7864,245.79,245.76,
1024,2023-06-09T17:37:10Z,False,False,False,False,False,245.8308,245.88,245.85,
1025,2023-06-09T17:37:20Z,False,False,False,False,False,245.988,245.93,245.89,
1026,2023-06-09T17:37:30Z,False,False,False,False,False,245.8209,245.86,245.82,
1027,2023-06-09T17:37:40Z,False,False,False,False,False,245.84,245.86,245.84,
1028,2023-06-09T17:37:50Z,False,False,False,False,False,245.8698,245.9,245.87,
1029,2023-06-09T17:38:00Z,False,False,False,False,False,245.83,245.86,245.83,
1030,2023-06-09T17:38:10Z,False,False,False,False,False,245.9,245.85,245.82,
1031,2023-06-09T17:38:20Z,False,False,False,False,False,245.8501,245.85,245.82,
1032,2023-06-09T17:38:30Z,False,False,False,False,False,245.8789,245.88,245.85,
1033,2023-06-09T17:38:40Z,False,False,False,False,False,246.025,246.03,246.01,
1034,2023-06-09T17:38:50Z,False,False,False,False,False,246.12,246.16,246.11,
1035,2023-06-09T17:39:00Z,False,False,False,False,False,246.1925,246.25,246.23,
1036,2023-06-09T17:39:10Z,False,False,False,False,False,246.23,246.23,246.2,
1037,2023-06-09T17:39:20Z,False,False,False,False,False,246.1961,246.24,246.21,
1038,2023-06-09T17:39:30Z,False,False,False,False,False,246.25,246.29,246.26,
1039,2023-06-09T17:39:40Z,False,False,False,False,False,246.35,246.33,246.31,
1040,2023-06-09T17:39:50Z,False,False,False,False,False,246.37,246.41,246.37,
1041,2023-06-09T17:40:00Z,False,False,False,False,False,246.282,246.36,246.32,
1042,2023-06-09T17:40:10Z,False,False,False,False,False,246.28,246.28,246.26,
1043,2023-06-09T17:40:20Z,False,False,False,False,False,246.515,246.54,246.5,
1044,2023-06-09T17:40:30Z,False,False,False,False,False,246.58,246.62,246.58,
1045,2023-06-09T17:40:40Z,False,False,False,False,False,246.61,246.59,246.57,
1046,2023-06-09T17:40:50Z,False,False,False,False,False,246.47,246.48,246.45,
1047,2023-06-09T17:41:00Z,False,False,False,False,False,246.51,246.55,246.52,
1048,2023-06-09T17:41:10Z,False,False,False,False,False,246.6501,246.72,246.67,
1049,2023-06-09T17:41:20Z,False,False,False,False,False,246.653,246.66,246.62,
1050,2023-06-09T17:41:30Z,False,False,False,False,False,246.8052,246.85,246.81,
1051,2023-06-09T17:41:40Z,False,False,False,False,False,246.94,246.91,246.89,
1052,2023-06-09T17:41:50Z,False,False,False,False,False,246.7412,246.75,246.73,
1053,2023-06-09T17:42:00Z,False,False,False,False,False,246.761,246.78,246.75,
1054,2023-06-09T17:42:10Z,False,False,False,False,False,246.7746,246.82,246.79,
1055,2023-06-09T17:42:20Z,False,False,False,False,False,246.695,246.72,246.67,
1056,2023-06-09T17:42:30Z,False,False,False,False,False,246.6,246.64,246.63,
1057,2023-06-09T17:42:40Z,False,False,False,False,False,246.65,246.68,246.65,
1058,2023-06-09T17:42:50Z,False,False,False,False,False,246.66,246.65,246.62,
1059,2023-06-09T17:43:00Z,False,False,False,False,False,246.6079,246.62,246.58,
1060,2023-06-09T17:43:10Z,False,False,False,False,False,246.5779,246.53,246.49,
1061,2023-06-09T17:43:20Z,False,False,False,False,False,246.41,246.39,246.35,
1062,2023-06-09T17:43:30Z,False,False,False,False,False,246.245,246.26,246.21,
1063,2023-06-09T17:43:40Z,False,False,False,False,False,246.2594,246.26,246.23,
1064,2023-06-09T17:43:50Z,False,False,False,False,False,246.23,246.26,246.22,
1065,2023-06-09T17:44:00Z,False,False,False,False,False,246.24,246.26,246.23,
1066,2023-06-09T17:44:10Z,False,False,False,False,False,246.385,246.37,246.34,
1067,2023-06-09T17:44:20Z,False,False,False,False,False,246.4391,246.44,246.4,
1068,2023-06-09T17:44:30Z,False,False,False,False,False,246.4099,246.43,246.41,
1069,2023-06-09T17:44:40Z,False,False,False,False,False,246.5,246.59,246.55,
1070,2023-06-09T17:44:50Z,False,False,False,False,False,246.5781,246.56,246.53,
1071,2023-06-09T17:45:00Z,False,False,False,False,False,246.41,246.44,246.41,
1072,2023-06-09T17:45:10Z,False,False,False,False,False,246.515,246.57,246.54,
1073,2023-06-09T17:45:20Z,False,False,False,False,False,246.51,246.51,246.48,
1074,2023-06-09T17:45:30Z,False,False,False,False,False,246.545,246.56,246.53,
1075,2023-06-09T17:45:40Z,False,False,False,False,False,246.58,246.58,246.55,
1076,2023-06-09T17:45:50Z,False,False,False,False,False,246.675,246.67,246.64,
1077,2023-06-09T17:46:00Z,False,False,False,False,False,246.665,246.68,246.66,
1078,2023-06-09T17:46:10Z,False,False,False,False,False,246.66,246.63,246.6,
1079,2023-06-09T17:46:20Z,False,False,False,False,False,246.51,246.54,246.5,
1080,2023-06-09T17:46:30Z,False,False,False,False,False,246.47,246.52,246.48,
1081,2023-06-09T17:46:40Z,False,False,False,False,False,246.635,246.63,246.61,
1082,2023-06-09T17:46:50Z,False,False,False,False,False,246.6153,246.67,246.64,
1083,2023-06-09T17:47:00Z,False,False,False,False,False,246.735,246.69,246.65,
1084,2023-06-09T17:47:10Z,False,False,False,False,False,246.5901,246.64,246.6,
1085,2023-06-09T17:47:20Z,False,False,False,False,False,246.6501,246.69,246.66,
1086,2023-06-09T17:47:30Z,False,False,False,False,False,246.75,246.77,246.75,
1087,2023-06-09T17:47:40Z,False,False,False,False,False,246.5399,246.5,246.46,
1088,2023-06-09T17:47:50Z,False,False,False,False,False,246.465,246.54,246.5,
1089,2023-06-09T17:48:00Z,False,False,False,False,False,246.53,246.53,246.49,
1090,2023-06-09T17:48:10Z,False,False,False,False,False,246.35,246.39,246.35,
1091,2023-06-09T17:48:20Z,False,False,False,False,False,246.47,246.48,246.44,
1092,2023-06-09T17:48:30Z,False,False,False,False,False,246.41,246.41,246.35,
1093,2023-06-09T17:48:40Z,False,False,False,False,False,246.465,246.43,246.4,
1094,2023-06-09T17:48:50Z,False,False,False,False,False,246.2787,246.3,246.26,
1095,2023-06-09T17:49:00Z,False,False,False,False,False,246.1899,246.19,246.16,
1096,2023-06-09T17:49:10Z,False,False,False,False,False,245.9975,245.99,245.96,
1097,2023-06-09T17:49:20Z,False,False,False,False,False,245.91,245.94,245.9,
1098,2023-06-09T17:49:30Z,False,False,False,False,False,245.8518,245.86,245.84,
1099,2023-06-09T17:49:40Z,False,False,False,False,False,245.81,245.79,245.76,
1100,2023-06-09T17:49:50Z,False,False,False,False,False,246.005,246.05,246.01,
1101,2023-06-09T17:50:00Z,False,False,False,False,False,245.7601,245.8,245.75,
1102,2023-06-09T17:50:10Z,False,False,False,False,False,246.075,246.11,246.08,
1103,2023-06-09T17:50:20Z,False,False,False,False,False,246.2,246.16,246.12,
1104,2023-06-09T17:50:30Z,False,False,False,False,False,246.165,246.25,246.22,
1105,2023-06-09T17:50:40Z,False,False,False,False,False,246.22,246.23,246.2,
1106,2023-06-09T17:50:50Z,False,False,False,False,False,246.2277,246.24,246.21,
1107,2023-06-09T17:51:00Z,False,False,False,False,False,246.1816,246.2,246.18,
1108,2023-06-09T17:51:10Z,False,False,False,False,False,245.99,245.96,245.92,
1109,2023-06-09T17:51:20Z,False,False,False,False,False,245.8101,245.79,245.76,
1110,2023-06-09T17:51:30Z,False,False,False,False,False,245.62,245.66,245.61,
1111,2023-06-09T17:51:40Z,False,False,False,False,False,245.66,245.67,245.65,
1112,2023-06-09T17:51:50Z,False,False,False,False,False,245.8897,245.92,245.9,
1113,2023-06-09T17:52:00Z,False,False,False,False,False,245.85,245.85,245.82,
1114,2023-06-09T17:52:10Z,False,False,False,False,False,245.8604,245.87,245.84,
1115,2023-06-09T17:52:20Z,False,False,False,False,False,245.99,246.0,245.98,
1116,2023-06-09T17:52:30Z,False,False,False,False,False,246.0202,246.04,246.0,
1117,2023-06-09T17:52:40Z,False,False,False,False,False,246.0101,246.06,246.04,
1118,2023-06-09T17:52:50Z,False,False,False,False,False,246.1313,246.12,246.09,
1119,2023-06-09T17:53:00Z,False,False,False,False,False,246.1,246.2,246.18,
1120,2023-06-09T17:53:10Z,False,False,False,False,False,246.1701,246.16,246.12,
1121,2023-06-09T17:53:20Z,False,False,False,False,False,246.1247,246.15,246.13,
1122,2023-06-09T17:53:30Z,False,False,False,False,False,246.043,246.04,246.01,
1123,2023-06-09T17:53:40Z,False,False,False,False,False,246.26,246.25,246.21,
1124,2023-06-09T17:53:50Z,False,False,False,False,False,246.4112,246.4,246.36,
1125,2023-06-09T17:54:00Z,False,False,False,False,False,246.455,246.47,246.47,
1126,2023-06-09T17:54:10Z,False,False,False,False,False,246.5187,246.51,246.48,
1127,2023-06-09T17:54:20Z,False,False,False,False,False,246.6326,246.69,246.66,
1128,2023-06-09T17:54:30Z,False,False,False,False,False,246.72,246.73,246.7,
1129,2023-06-09T17:54:40Z,False,False,False,False,False,246.7011,246.72,246.68,
1130,2023-06-09T17:54:50Z,False,False,False,False,False,246.6381,246.63,246.59,
1131,2023-06-09T17:55:00Z,False,False,False,False,False,246.67,246.72,246.69,
1132,2023-06-09T17:55:10Z,False,False,False,False,False,246.61,246.64,246.61,
1133,2023-06-09T17:55:20Z,False,False,False,False,False,246.6239,246.64,246.62,
1134,2023-06-09T17:55:30Z,False,False,False,False,False,246.6,246.62,246.57,
1135,2023-06-09T17:55:40Z,False,False,False,False,False,246.39,246.43,246.39,
1136,2023-06-09T17:55:50Z,False,False,False,False,False,246.625,246.65,246.61,
1137,2023-06-09T17:56:00Z,False,False,False,False,False,246.849,246.86,246.82,
1138,2023-06-09T17:56:10Z,False,False,False,False,False,246.7719,246.8,246.76,
1139,2023-06-09T17:56:20Z,False,False,False,False,False,246.715,246.69,246.67,
1140,2023-06-09T17:56:30Z,False,False,False,False,False,246.72,246.73,246.71,
1141,2023-06-09T17:56:40Z,False,False,False,False,False,246.6778,246.71,246.67,
1142,2023-06-09T17:56:50Z,False,False,False,False,False,246.6428,246.67,246.64,
1143,2023-06-09T17:57:00Z,False,False,False,False,False,246.54,246.53,246.5,
1144,2023-06-09T17:57:10Z,False,False,False,False,False,246.51,246.45,246.42,
1145,2023-06-09T17:57:20Z,False,False,False,False,False,246.59,246.6,246.57,
1146,2023-06-09T17:57:30Z,False,False,False,False,False,246.5506,246.58,246.55,
1147,2023-06-09T17:57:40Z,False,False,False,False,False,246.6742,246.7,246.67,
1148,2023-06-09T17:57:50Z,False,False,False,False,False,246.6599,246.66,246.63,
1149,2023-06-09T17:58:00Z,False,False,False,False,False,246.74,246.79,246.73,
1150,2023-06-09T17:58:10Z,False,False,False,False,False,246.8117,246.82,246.79,
1151,2023-06-09T17:58:20Z,False,False,False,False,False,246.8253,246.8,246.78,
1152,2023-06-09T17:58:30Z,False,False,False,False,False,246.9101,246.92,246.89,
1153,2023-06-09T17:58:40Z,False,False,False,False,False,246.9,246.93,246.89,
1154,2023-06-09T17:58:50Z,False,False,False,False,False,246.815,246.89,246.85,
1155,2023-06-09T17:59:00Z,False,False,False,False,False,247.06,247.18,247.14,
1156,2023-06-09T17:59:10Z,False,False,False,False,False,247.15,247.17,247.13,
1157,2023-06-09T17:59:20Z,False,False,False,False,False,247.19,247.19,247.15,
1158,2023-06-09T17:59:30Z,False,False,False,False,False,247.01,247.07,247.05,
1159,2023-06-09T17:59:40Z,False,False,False,False,False,247.05,247.09,247.06,
1160,2023-06-09T17:59:50Z,False,False,False,False,False,247.08,247.09,247.06,
1161,2023-06-09T18:00:00Z,False,False,False,False,False,246.96,247.04,246.99,
1162,2023-06-09T18:00:10Z,False,False,False,False,False,246.9799,246.99,246.95,
1163,2023-06-09T18:00:20Z,False,False,False,False,False,247.1999,247.19,247.16,
1164,2023-06-09T18:00:30Z,False,False,False,False,False,247.11,247.12,247.09,
1165,2023-06-09T18:00:40Z,False,False,False,False,False,247.168,247.16,247.13,
1166,2023-06-09T18:00:50Z,False,False,False,False,False,247.1135,247.16,247.12,
1167,2023-06-09T18:01:00Z,False,False,False,False,False,246.86,246.9,246.86,
1168,2023-06-09T18:01:10Z,False,False,False,False,False,246.66,246.68,246.63,
1169,2023-06-09T18:01:20Z,False,False,False,False,False,246.6101,246.65,246.62,
1170,2023-06-09T18:01:30Z,False,False,False,False,False,246.7301,246.8,246.78,
1171,2023-06-09T18:01:40Z,False,False,False,False,False,246.82,246.86,246.83,
1172,2023-06-09T18:01:50Z,False,False,False,False,False,246.861,246.87,246.84,
1173,2023-06-09T18:02:00Z,False,False,False,False,False,246.78,246.79,246.76,
1174,2023-06-09T18:02:10Z,False,False,False,False,False,246.77,246.77,246.75,
1175,2023-06-09T18:02:20Z,False,False,False,False,False,246.8386,246.94,246.86,
1176,2023-06-09T18:02:30Z,False,False,False,False,False,246.7501,246.79,246.75,
1177,2023-06-09T18:02:40Z,False,False,False,False,False,246.8501,246.89,246.87,
1178,2023-06-09T18:02:50Z,False,False,False,False,False,246.89,246.88,246.85,
1179,2023-06-09T18:03:00Z,False,False,False,False,False,246.76,246.75,246.72,
1180,2023-06-09T18:03:10Z,False,False,False,False,False,246.67,246.68,246.64,
1181,2023-06-09T18:03:20Z,False,False,False,False,False,246.865,246.84,246.81,
1182,2023-06-09T18:03:30Z,False,False,False,False,False,246.8999,246.92,246.88,
1183,2023-06-09T18:03:40Z,False,False,False,False,False,246.965,246.98,246.95,
1184,2023-06-09T18:03:50Z,False,False,False,False,False,246.96,246.96,246.94,
1185,2023-06-09T18:04:00Z,False,False,False,False,False,246.9099,246.91,246.88,
1186,2023-06-09T18:04:10Z,False,False,False,False,False,246.7757,246.78,246.75,
1187,2023-06-09T18:04:20Z,False,False,False,False,False,246.9299,246.91,246.86,
1188,2023-06-09T18:04:30Z,False,False,False,False,False,246.8772,246.89,246.87,
1189,2023-06-09T18:04:40Z,False,False,False,False,False,246.8982,246.9,246.88,
1190,2023-06-09T18:04:50Z,False,False,False,False,False,246.9325,246.9,246.87,
1191,2023-06-09T18:05:00Z,False,False,False,False,False,246.875,246.96,246.93,
1192,2023-06-09T18:05:10Z,False,False,False,False,False,246.8777,246.89,246.86,
1193,2023-06-09T18:05:20Z,False,False,False,False,False,247.0238,247.02,246.98,
1194,2023-06-09T18:05:30Z,False,False,False,False,False,246.9706,247.02,247.0,
1195,2023-06-09T18:05:40Z,False,False,False,False,False,246.89,246.92,246.89,
1196,2023-06-09T18:05:50Z,False,False,False,False,False,246.9299,246.95,246.93,
1197,2023-06-09T18:06:00Z,False,False,False,False,False,246.8,246.84,246.81,
1198,2023-06-09T18:06:10Z,False,False,False,False,False,246.84,246.85,246.83,
1199,2023-06-09T18:06:20Z,False,False,False,False,False,246.67,246.73,246.7,
1200,2023-06-09T18:06:30Z,False,False,False,False,False,246.7457,246.83,246.77,
1201,2023-06-09T18:06:40Z,False,False,False,False,False,246.55,246.58,246.54,
1202,2023-06-09T18:06:50Z,False,False,False,False,False,246.355,246.36,246.33,
1203,2023-06-09T18:07:00Z,False,False,False,False,False,246.45,246.49,246.45,
1204,2023-06-09T18:07:10Z,False,False,False,False,False,246.56,246.52,246.5,
1205,2023-06-09T18:07:20Z,False,False,False,False,False,246.4415,246.46,246.42,
1206,2023-06-09T18:07:30Z,False,False,False,False,False,246.4049,246.5,246.46,
1207,2023-06-09T18:07:40Z,False,False,False,False,False,246.5059,246.54,246.51,
1208,2023-06-09T18:07:50Z,False,False,False,False,False,246.71,246.83,246.81,
1209,2023-06-09T18:08:00Z,False,False,False,False,False,246.8973,246.9,246.87,
1210,2023-06-09T18:08:10Z,False,False,False,False,False,246.6824,246.69,246.65,
1211,2023-06-09T18:08:20Z,False,False,False,False,False,246.6888,246.7,246.68,
1212,2023-06-09T18:08:30Z,False,False,False,False,False,246.81,246.86,246.82,
1213,2023-06-09T18:08:40Z,False,False,False,False,False,246.8,246.84,246.82,
1214,2023-06-09T18:08:50Z,False,False,False,False,False,246.8,246.81,246.77,
1215,2023-06-09T18:09:00Z,False,False,False,False,False,246.8399,246.83,246.77,
1216,2023-06-09T18:09:10Z,False,False,False,False,False,246.61,246.61,246.59,
1217,2023-06-09T18:09:20Z,False,False,False,False,False,246.65,246.68,246.66,
1218,2023-06-09T18:09:30Z,False,False,False,False,False,246.6699,246.67,246.64,
1219,2023-06-09T18:09:40Z,False,False,False,False,False,246.77,246.79,246.74,
1220,2023-06-09T18:09:50Z,False,False,False,False,False,246.835,246.84,246.81,
1221,2023-06-09T18:10:00Z,False,False,False,False,False,246.836,246.85,246.82,
1222,2023-06-09T18:10:10Z,False,False,False,False,False,247.06,247.14,247.09,
1223,2023-06-09T18:10:20Z,False,False,False,False,False,247.12,247.16,247.14,
1224,2023-06-09T18:10:30Z,False,False,False,False,False,247.0936,247.1,247.07,
1225,2023-06-09T18:10:40Z,False,False,False,False,False,247.09,247.03,246.99,
1226,2023-06-09T18:10:50Z,False,False,False,False,False,247.0583,247.07,247.02,
1227,2023-06-09T18:11:00Z,False,False,False,False,False,247.08,247.1,247.07,
1228,2023-06-09T18:11:10Z,False,False,False,False,False,247.065,247.08,247.05,
1229,2023-06-09T18:11:20Z,False,False,False,False,False,247.05,247.07,247.03,
1230,2023-06-09T18:11:30Z,False,False,False,False,False,247.11,247.1,247.07,
1231,2023-06-09T18:11:40Z,False,False,False,False,False,247.04,247.07,247.04,
1232,2023-06-09T18:11:50Z,False,False,False,False,False,247.26,247.29,247.27,
1233,2023-06-09T18:12:00Z,False,False,False,False,False,247.2641,247.3,247.28,
1234,2023-06-09T18:12:10Z,False,False,False,False,False,247.2501,247.27,247.23,
1235,2023-06-09T18:12:20Z,False,False,False,False,False,247.185,247.26,247.25,
1236,2023-06-09T18:12:30Z,False,False,False,False,False,247.12,247.13,247.11,
1237,2023-06-09T18:12:40Z,False,False,False,False,False,247.2701,247.32,247.28,
1238,2023-06-09T18:12:50Z,False,False,False,False,False,247.4393,247.4,247.37,
1239,2023-06-09T18:13:00Z,False,False,False,False,False,247.4901,247.53,247.51,
1240,2023-06-09T18:13:10Z,False,False,False,False,False,247.4695,247.5,247.49,
1241,2023-06-09T18:13:20Z,False,False,False,False,False,247.4801,247.51,247.49,
1242,2023-06-09T18:13:30Z,False,False,False,False,False,247.4389,247.37,247.34,
1243,2023-06-09T18:13:40Z,False,False,False,False,False,247.16,247.15,247.12,
1244,2023-06-09T18:13:50Z,False,False,False,False,False,247.12,247.13,247.11,
1245,2023-06-09T18:14:00Z,False,False,False,False,False,246.9999,247.04,247.0,
1246,2023-06-09T18:14:10Z,False,False,False,False,False,247.17,247.16,247.15,
1247,2023-06-09T18:14:20Z,False,False,False,False,False,247.1,247.12,247.07,
1248,2023-06-09T18:14:30Z,False,False,False,False,False,247.0609,247.04,247.05,
1249,2023-06-09T18:14:40Z,False,False,False,False,False,246.905,246.95,246.93,
1250,2023-06-09T18:14:50Z,False,False,False,False,False,247.005,246.99,246.97,
1251,2023-06-09T18:15:00Z,False,False,False,False,False,246.8125,246.84,246.81,
1252,2023-06-09T18:15:10Z,False,False,False,False,False,246.65,246.77,246.74,
1253,2023-06-09T18:15:20Z,False,False,False,False,False,246.8999,246.92,246.89,
1254,2023-06-09T18:15:30Z,False,False,False,False,False,246.8996,246.91,246.88,
1255,2023-06-09T18:15:40Z,False,False,False,False,False,246.85,246.83,246.79,
1256,2023-06-09T18:15:50Z,False,False,False,False,False,246.9648,246.97,246.95,
1257,2023-06-09T18:16:00Z,False,False,False,False,False,246.84,246.87,246.84,
1258,2023-06-09T18:16:10Z,False,False,False,False,False,246.775,246.8,246.78,
1259,2023-06-09T18:16:20Z,False,False,False,False,False,246.45,246.37,246.34,
1260,2023-06-09T18:16:30Z,False,False,False,False,False,246.5457,246.55,246.52,
1261,2023-06-09T18:16:40Z,False,False,False,False,False,246.6359,246.65,246.63,
1262,2023-06-09T18:16:50Z,False,False,False,False,False,246.5713,246.58,246.55,
1263,2023-06-09T18:17:00Z,False,False,False,False,False,246.5,246.51,246.48,
1264,2023-06-09T18:17:10Z,False,False,False,False,False,246.44,246.44,246.43,
1265,2023-06-09T18:17:20Z,False,False,False,False,False,246.4899,246.46,246.44,
1266,2023-06-09T18:17:30Z,False,False,False,False,False,246.3042,246.35,246.3,
1267,2023-06-09T18:17:40Z,False,False,False,False,False,246.2182,246.22,246.2,
1268,2023-06-09T18:17:50Z,False,False,False,False,False,246.12,246.13,246.08,
1269,2023-06-09T18:18:00Z,False,False,False,False,False,246.3193,246.21,246.17,
1270,2023-06-09T18:18:10Z,False,False,False,False,False,246.15,246.26,246.21,
1271,2023-06-09T18:18:20Z,False,False,False,False,False,246.19,246.19,246.16,
1272,2023-06-09T18:18:30Z,False,False,False,False,False,246.27,246.31,246.27,
1273,2023-06-09T18:18:40Z,False,False,False,False,False,246.31,246.36,246.33,
1274,2023-06-09T18:18:50Z,False,False,False,False,False,246.212,246.36,246.21,
1275,2023-06-09T18:19:00Z,False,False,False,False,False,246.365,246.4,246.37,
1276,2023-06-09T18:19:10Z,False,False,False,False,False,246.39,246.39,246.35,
1277,2023-06-09T18:19:20Z,False,False,False,False,False,246.2718,246.34,246.31,
1278,2023-06-09T18:19:30Z,False,False,False,False,False,246.3,246.29,246.26,
1279,2023-06-09T18:19:40Z,False,False,False,False,False,246.42,246.47,246.44,
1280,2023-06-09T18:19:50Z,False,False,False,False,False,246.4534,246.51,246.49,
1281,2023-06-09T18:20:00Z,False,False,False,False,False,246.5012,246.55,246.52,
1282,2023-06-09T18:20:10Z,False,False,False,False,False,246.46,246.47,246.44,
