,CurTime,Last,TotalSize,LastDif
0,2023-06-06T13:30:10Z,215.81,600.0,0.5900000000000034
1,2023-06-06T13:30:20Z,216.4,-1063.0,0.13280000000000314
2,2023-06-06T13:30:40Z,216.5328,-2000.0,-0.2828000000000088
3,2023-06-06T13:30:50Z,216.25,-600.0,-0.5900000000000034
4,2023-06-06T13:31:10Z,215.66,-254.0,-0.5320000000000107
5,2023-06-06T13:31:30Z,215.128,-572.0,-0.10799999999997567
6,2023-06-06T13:31:50Z,215.02,290.0,0.09999999999999432
7,2023-06-06T13:32:10Z,215.12,-590.0,-0.12860000000000582
8,2023-06-06T13:32:20Z,214.9914,-461.0,-0.5013999999999896
9,2023-06-06T13:32:30Z,214.49,268.0,-0.04990000000000805
10,2023-06-06T13:32:40Z,214.4401,400.0,-0.12749999999999773
11,2023-06-06T13:33:00Z,214.3126,604.0,-0.16859999999999786
12,2023-06-06T13:33:10Z,214.144,-100.0,-0.2641000000000133
13,2023-06-06T13:33:20Z,213.8799,1066.0,0.06010000000000559
14,2023-06-06T13:33:30Z,213.94,-515.0,0.11000000000001364
15,2023-06-06T13:33:40Z,214.05,-50.0,0.2699999999999818
16,2023-06-06T13:33:50Z,214.32,335.0,0.7549999999999955
17,2023-06-06T13:34:10Z,215.075,382.0,0.3200000000000216
18,2023-06-06T13:34:20Z,215.395,-681.0,-0.40390000000002146
19,2023-06-06T13:34:30Z,214.9911,-861.0,-0.24969999999999004
20,2023-06-06T13:34:40Z,214.7414,479.0,-0.022199999999998
21,2023-06-06T13:34:50Z,214.7192,-239.0,-0.20109999999999673
22,2023-06-06T13:35:00Z,214.5181,-526.0,-0.06720000000001392
23,2023-06-06T13:35:10Z,214.4509,230.0,-0.15089999999997872
24,2023-06-06T13:35:20Z,214.3,437.0,-0.07500000000001705
25,2023-06-06T13:35:30Z,214.225,25.0,-0.4732999999999947
26,2023-06-06T13:35:50Z,213.7517,2144.0,0.21829999999999927
27,2023-06-06T13:36:00Z,213.97,-322.0,-0.13589999999999236
28,2023-06-06T13:36:10Z,213.8341,-92.0,0.1658999999999935
29,2023-06-06T13:36:40Z,214.0,-532.0,0.012100000000003774
30,2023-06-06T13:36:50Z,214.0121,380.0,-0.012100000000003774
31,2023-06-06T13:37:00Z,214.0,-630.0,0.09000000000000341
32,2023-06-06T13:37:20Z,214.09,14.0,-0.06589999999999918
33,2023-06-06T13:37:30Z,214.0241,-25.0,0.058400000000006
34,2023-06-06T13:37:50Z,214.0825,-711.0,0.03999999999999204
35,2023-06-06T13:38:00Z,214.1225,-320.0,0.23750000000001137
36,2023-06-06T13:38:10Z,214.36,1331.0,-0.1671000000000049
37,2023-06-06T13:38:20Z,214.1929,104.0,-0.39740000000000464
38,2023-06-06T13:38:30Z,213.7955,-228.0,0.3644999999999925
39,2023-06-06T13:38:40Z,214.16,424.0,0.030000000000001137
40,2023-06-06T13:38:50Z,214.19,-700.0,-0.05000000000001137
41,2023-06-06T13:39:00Z,214.14,-100.0,-0.0654999999999859
42,2023-06-06T13:39:10Z,214.0745,-708.0,-0.2044999999999959
43,2023-06-06T13:39:20Z,213.87,-400.0,0.01300000000000523
44,2023-06-06T13:39:30Z,213.883,22.0,0.08699999999998909
45,2023-06-06T13:39:40Z,213.97,-219.0,0.0
46,2023-06-06T13:39:50Z,213.97,-919.0,-0.19999999999998863
47,2023-06-06T13:40:00Z,213.77,911.0,0.14999999999997726
48,2023-06-06T13:40:10Z,213.92,-17.0,-0.18999999999999773
49,2023-06-06T13:40:20Z,213.73,107.0,0.21990000000002397
50,2023-06-06T13:40:30Z,213.9499,3.0,0.06009999999997717
51,2023-06-06T13:40:40Z,214.01,714.0,-0.0905999999999949
52,2023-06-06T13:40:50Z,213.9194,-1005.0,0.080600000000004
53,2023-06-06T13:41:00Z,214.0,-91.0,0.08500000000000796
54,2023-06-06T13:41:10Z,214.085,0.0,-0.09499999999999886
55,2023-06-06T13:41:20Z,213.99,-95.0,0.14999999999997726
56,2023-06-06T13:41:30Z,214.14,-3.0,-0.009999999999990905
57,2023-06-06T13:41:40Z,214.13,-443.0,-0.1599999999999966
58,2023-06-06T13:41:50Z,213.97,-158.0,-0.07120000000000459
59,2023-06-06T13:42:00Z,213.8988,573.0,0.07620000000000005
60,2023-06-06T13:42:10Z,213.975,-336.0,-0.0049999999999954525
61,2023-06-06T13:42:20Z,213.97,412.0,0.010099999999994225
62,2023-06-06T13:42:30Z,213.9801,-460.0,-0.045099999999990814
63,2023-06-06T13:42:40Z,213.935,26.0,0.015099999999989677
64,2023-06-06T13:42:50Z,213.9501,38.0,0.019900000000006912
65,2023-06-06T13:43:00Z,213.97,300.0,-0.18000000000000682
66,2023-06-06T13:43:20Z,213.79,202.0,-0.47999999999998977
67,2023-06-06T13:43:30Z,213.31,-662.0,0.10769999999999413
68,2023-06-06T13:43:40Z,213.4177,-500.0,-0.077699999999993
69,2023-06-06T13:43:50Z,213.34,-720.0,-0.12000000000000455
70,2023-06-06T13:44:00Z,213.22,616.0,-0.3199999999999932
71,2023-06-06T13:44:20Z,212.9,-400.0,0.04999999999998295
72,2023-06-06T13:44:30Z,212.95,3.0,-0.07509999999999195
73,2023-06-06T13:44:40Z,212.8749,-164.0,0.06130000000001701
74,2023-06-06T13:44:50Z,212.9362,681.0,0.0987999999999829
75,2023-06-06T13:45:00Z,213.035,1100.0,0.09499999999999886
76,2023-06-06T13:45:10Z,213.13,378.0,0.21129999999999427
77,2023-06-06T13:45:20Z,213.3413,160.0,-0.3412999999999897
78,2023-06-06T13:45:30Z,213.0,1200.0,0.38120000000000687
79,2023-06-06T13:45:40Z,213.3812,510.0,0.05879999999999086
80,2023-06-06T13:45:50Z,213.44,522.0,0.05000000000001137
81,2023-06-06T13:46:00Z,213.49,-541.0,0.09000000000000341
82,2023-06-06T13:46:10Z,213.58,-294.0,-0.06490000000002283
83,2023-06-06T13:46:30Z,213.5151,-182.0,0.1449000000000069
84,2023-06-06T13:46:40Z,213.66,337.0,0.24950000000001182
85,2023-06-06T13:46:50Z,213.9095,-265.0,0.03649999999998954
86,2023-06-06T13:47:00Z,213.946,-303.0,-0.056000000000011596
87,2023-06-06T13:47:10Z,213.89,305.0,-0.14939999999998577
88,2023-06-06T13:47:40Z,213.7406,201.0,0.23939999999998918
89,2023-06-06T13:47:50Z,213.98,238.0,0.37000000000000455
90,2023-06-06T13:48:20Z,214.35,129.0,0.0800000000000125
91,2023-06-06T13:48:30Z,214.43,334.0,0.15179999999998017
92,2023-06-06T13:49:00Z,214.5818,-409.0,-0.17679999999998586
93,2023-06-06T13:49:10Z,214.405,-1009.0,-0.14500000000001023
94,2023-06-06T13:49:20Z,214.26,-300.0,-0.025199999999983902
95,2023-06-06T13:49:30Z,214.2348,100.0,0.0952000000000055
96,2023-06-06T13:49:50Z,214.33,-1700.0,-0.5500000000000114
97,2023-06-06T13:50:00Z,213.78,594.0,0.09999999999999432
98,2023-06-06T13:50:20Z,213.88,300.0,0.06999999999999318
99,2023-06-06T13:50:40Z,213.95,142.0,-0.45999999999997954
100,2023-06-06T13:50:50Z,213.49,600.0,0.030000000000001137
101,2023-06-06T13:51:10Z,213.52,-1859.0,0.09999999999999432
102,2023-06-06T13:51:20Z,213.62,-700.0,-0.06999999999999318
103,2023-06-06T13:51:30Z,213.55,140.0,0.21999999999999886
104,2023-06-06T13:51:40Z,213.77,500.0,-0.28000000000000114
105,2023-06-06T13:52:10Z,213.49,-400.0,0.2599999999999909
106,2023-06-06T13:52:20Z,213.75,837.0,-0.03999999999999204
107,2023-06-06T13:52:30Z,213.71,-577.0,-0.040000000000020464
108,2023-06-06T13:52:40Z,213.67,202.0,0.060000000000002274
109,2023-06-06T13:52:50Z,213.73,-900.0,-0.013199999999983447
110,2023-06-06T13:53:00Z,213.7168,480.0,0.2132000000000005
111,2023-06-06T13:53:10Z,213.93,-301.0,0.12000000000000455
112,2023-06-06T13:53:20Z,214.05,-390.0,-0.041600000000016735
113,2023-06-06T13:53:30Z,214.0084,356.0,0.011600000000015598
114,2023-06-06T13:53:40Z,214.02,-1268.0,-0.020000000000010232
115,2023-06-06T13:53:50Z,214.0,-1106.0,-0.1599999999999966
116,2023-06-06T13:54:00Z,213.84,520.0,-0.1599999999999966
117,2023-06-06T13:54:10Z,213.68,524.0,0.15219999999999345
118,2023-06-06T13:54:20Z,213.8322,-859.0,0.04779999999999518
119,2023-06-06T13:54:30Z,213.88,-707.0,-0.060000000000002274
120,2023-06-06T13:54:50Z,213.82,426.0,-0.01999999999998181
121,2023-06-06T13:55:00Z,213.8,-665.0,-0.06110000000001037
122,2023-06-06T13:55:10Z,213.7389,-805.0,0.07110000000000127
123,2023-06-06T13:55:30Z,213.81,6992.0,0.09000000000000341
124,2023-06-06T13:55:40Z,213.9,-508.0,-0.0800000000000125
125,2023-06-06T13:55:50Z,213.82,113.0,-0.1799000000000035
126,2023-06-06T13:56:10Z,213.6401,388.0,0.3399000000000001
127,2023-06-06T13:56:20Z,213.98,-500.0,-0.12999999999999545
128,2023-06-06T13:56:30Z,213.85,100.0,-0.12999999999999545
129,2023-06-06T13:56:40Z,213.72,138.0,0.12999999999999545
130,2023-06-06T13:56:50Z,213.85,37.0,-0.014999999999986358
131,2023-06-06T13:57:00Z,213.835,39.0,-0.12319999999999709
132,2023-06-06T13:57:10Z,213.7118,744.0,0.03719999999998436
133,2023-06-06T13:57:20Z,213.749,200.0,0.06100000000000705
134,2023-06-06T13:57:30Z,213.81,867.0,0.09999999999999432
135,2023-06-06T13:57:40Z,213.91,-837.0,-0.1599999999999966
136,2023-06-06T13:57:50Z,213.75,228.0,0.1372000000000071
137,2023-06-06T13:58:00Z,213.8872,185.0,0.05279999999999063
138,2023-06-06T13:58:10Z,213.94,-1350.0,-0.1699999999999875
139,2023-06-06T13:58:30Z,213.77,-34150.0,-0.13810000000000855
140,2023-06-06T13:58:50Z,213.6319,1164.0,-0.0056000000000153705
141,2023-06-06T13:59:00Z,213.6263,183.0,0.20340000000001623
142,2023-06-06T13:59:10Z,213.8297,-1018.0,-0.06780000000000541
143,2023-06-06T13:59:40Z,213.7619,189.0,0.04810000000000514
144,2023-06-06T13:59:50Z,213.81,151.0,0.033999999999991815
145,2023-06-06T14:00:00Z,213.844,300.0,0.1910000000000025
146,2023-06-06T14:00:10Z,214.035,61.0,-0.22499999999999432
147,2023-06-06T14:00:20Z,213.81,-250.0,0.4000000000000057
148,2023-06-06T14:00:30Z,214.21,-288.0,-0.1150000000000091
149,2023-06-06T14:00:40Z,214.095,-525.0,0.17359999999999332
150,2023-06-06T14:00:50Z,214.2686,-471.0,-0.30400000000000205
151,2023-06-06T14:01:10Z,213.9646,100.0,-0.12349999999997863
152,2023-06-06T14:01:20Z,213.8411,598.0,0.04889999999997485
153,2023-06-06T14:01:30Z,213.89,100.0,0.0800000000000125
154,2023-06-06T14:01:40Z,213.97,370.0,-0.07319999999998572
155,2023-06-06T14:01:50Z,213.8968,41.0,-0.21680000000000632
156,2023-06-06T14:02:10Z,213.68,-519.0,0.01999999999998181
157,2023-06-06T14:02:20Z,213.7,100.0,0.3400000000000034
158,2023-06-06T14:02:30Z,214.04,-523.0,-0.09999999999999432
159,2023-06-06T14:02:40Z,213.94,497.0,-0.07999999999998408
160,2023-06-06T14:02:50Z,213.86,200.0,0.1303999999999803
161,2023-06-06T14:03:00Z,213.9904,308.0,-0.1303999999999803
162,2023-06-06T14:03:10Z,213.86,39.0,0.010099999999994225
163,2023-06-06T14:03:20Z,213.8701,1542.0,0.06999999999999318
164,2023-06-06T14:03:30Z,213.9401,417.0,0.06100000000000705
165,2023-06-06T14:03:50Z,214.0011,-1183.0,-0.021100000000018326
166,2023-06-06T14:04:00Z,213.98,34.0,0.04010000000002378
167,2023-06-06T14:04:10Z,214.0201,704.0,-0.03830000000002087
168,2023-06-06T14:04:20Z,213.9818,140300.0,0.03820000000001755
169,2023-06-06T14:04:30Z,214.02,-524.0,-0.28000000000000114
170,2023-06-06T14:04:40Z,213.74,-1602.0,0.20149999999998158
171,2023-06-06T14:04:50Z,213.9415,255.0,0.01850000000001728
172,2023-06-06T14:05:00Z,213.96,-182.0,-0.06120000000001369
173,2023-06-06T14:05:20Z,213.8988,48.0,-0.12879999999998404
174,2023-06-06T14:05:30Z,213.77,1061.0,-0.16270000000000095
175,2023-06-06T14:05:40Z,213.6073,-147.0,-0.07730000000000814
176,2023-06-06T14:05:50Z,213.53,848.0,0.09139999999999304
177,2023-06-06T14:06:00Z,213.6214,-945.0,0.12860000000000582
178,2023-06-06T14:06:10Z,213.75,-500.0,-0.11990000000000123
179,2023-06-06T14:06:20Z,213.6301,555.0,0.2400000000000091
180,2023-06-06T14:06:40Z,213.8701,100.0,-0.03509999999999991
181,2023-06-06T14:06:50Z,213.835,144.0,-0.10500000000001819
182,2023-06-06T14:07:00Z,213.73,100.0,0.10000000000002274
183,2023-06-06T14:07:10Z,213.83,150.0,0.13999999999998636
184,2023-06-06T14:07:20Z,213.97,462.0,-0.117999999999995
185,2023-06-06T14:07:30Z,213.852,-777.0,-0.15200000000001523
186,2023-06-06T14:07:40Z,213.7,70.0,0.14000000000001478
187,2023-06-06T14:07:50Z,213.84,-867.0,0.07999999999998408
188,2023-06-06T14:08:00Z,213.92,-491.0,0.0
189,2023-06-06T14:08:10Z,213.92,422.0,-0.04999999999998295
190,2023-06-06T14:08:20Z,213.87,393.0,-0.030000000000001137
191,2023-06-06T14:08:30Z,213.84,148.0,0.10999999999998522
192,2023-06-06T14:08:40Z,213.95,778.0,-0.030000000000001137
193,2023-06-06T14:08:50Z,213.92,550.0,-0.0049999999999954525
194,2023-06-06T14:09:00Z,213.915,107.0,-0.008499999999997954
195,2023-06-06T14:09:10Z,213.9065,-765.0,-0.16149999999998954
196,2023-06-06T14:09:20Z,213.745,459.0,0.24500000000000455
197,2023-06-06T14:09:40Z,213.99,-824.0,-0.10600000000002296
198,2023-06-06T14:09:50Z,213.884,515.0,0.07100000000002638
199,2023-06-06T14:10:00Z,213.955,166.0,-0.17500000000001137
200,2023-06-06T14:10:10Z,213.78,759.0,0.17509999999998627
201,2023-06-06T14:10:20Z,213.9551,251.0,-0.015099999999989677
202,2023-06-06T14:10:30Z,213.94,886.0,-0.09000000000000341
203,2023-06-06T14:10:50Z,213.85,201.0,0.12040000000001783
204,2023-06-06T14:11:00Z,213.9704,-100.0,-0.006700000000023465
205,2023-06-06T14:11:10Z,213.9637,846.0,0.06720000000001392
206,2023-06-06T14:11:30Z,214.0309,-300.0,-0.23089999999999122
207,2023-06-06T14:11:40Z,213.8,845.0,0.08999999999997499
208,2023-06-06T14:11:50Z,213.89,5150.0,-0.003599999999977399
209,2023-06-06T14:12:00Z,213.8864,-537.0,0.003599999999977399
210,2023-06-06T14:12:10Z,213.89,710.0,0.060000000000002274
211,2023-06-06T14:12:30Z,213.95,200.0,-0.048299999999983356
212,2023-06-06T14:12:40Z,213.9017,-382.0,-0.22169999999999845
213,2023-06-06T14:12:50Z,213.68,-226.0,-0.09000000000000341
214,2023-06-06T14:13:00Z,213.59,-100.0,0.18819999999999482
215,2023-06-06T14:13:10Z,213.7782,746.0,0.19700000000000273
216,2023-06-06T14:13:20Z,213.9752,400.0,-0.10509999999999309
217,2023-06-06T14:13:30Z,213.8701,202.0,0.01989999999997849
218,2023-06-06T14:13:50Z,213.89,272.0,-0.088799999999992
219,2023-06-06T14:14:00Z,213.8012,-100.0,-0.12119999999998754
220,2023-06-06T14:14:10Z,213.68,154.0,-0.10840000000001737
221,2023-06-06T14:14:20Z,213.5716,-36.0,0.09839999999999804
222,2023-06-06T14:14:30Z,213.67,1009.0,0.005000000000023874
223,2023-06-06T14:14:40Z,213.675,24.0,0.024999999999977263
224,2023-06-06T14:14:50Z,213.7,300.0,0.025000000000005684
225,2023-06-06T14:15:00Z,213.725,-941.0,-0.0049999999999954525
226,2023-06-06T14:15:10Z,213.72,663.0,-0.05000000000001137
227,2023-06-06T14:15:20Z,213.67,500.0,0.03160000000002583
228,2023-06-06T14:15:30Z,213.7016,-1322.0,-0.06660000000002242
229,2023-06-06T14:15:40Z,213.635,-952.0,-0.426400000000001
230,2023-06-06T14:15:50Z,213.2086,-318.0,0.006400000000013506
231,2023-06-06T14:16:00Z,213.215,585.0,0.12999999999999545
232,2023-06-06T14:16:10Z,213.345,1712.0,-0.13489999999998759
233,2023-06-06T14:16:20Z,213.2101,-590.0,-0.045100000000019236
234,2023-06-06T14:16:30Z,213.165,-1012.0,-0.17499999999998295
235,2023-06-06T14:16:40Z,212.99,991.0,0.28000000000000114
236,2023-06-06T14:16:50Z,213.27,-574.0,0.18739999999999668
237,2023-06-06T14:17:10Z,213.4574,206.0,0.3418000000000063
238,2023-06-06T14:17:20Z,213.7992,-956.0,-0.08920000000000528
239,2023-06-06T14:17:30Z,213.71,-549.0,-0.030000000000001137
240,2023-06-06T14:17:40Z,213.68,244.0,0.03999999999999204
241,2023-06-06T14:17:50Z,213.72,-612.0,-0.017599999999987403
242,2023-06-06T14:18:00Z,213.7024,-9.0,0.06759999999999877
243,2023-06-06T14:18:10Z,213.77,270.0,0.1799999999999784
244,2023-06-06T14:18:20Z,213.95,447.0,-0.0625
245,2023-06-06T14:18:30Z,213.8875,-366.0,0.07750000000001478
246,2023-06-06T14:18:40Z,213.965,1380.0,0.015399999999999636
247,2023-06-06T14:18:50Z,213.9804,349.0,-0.04630000000000223
248,2023-06-06T14:19:00Z,213.9341,893.0,0.027899999999988268
249,2023-06-06T14:19:10Z,213.962,924.0,0.23799999999999955
250,2023-06-06T14:19:20Z,214.2,-984.0,-0.030099999999976035
251,2023-06-06T14:19:30Z,214.1699,1000.0,0.2150999999999783
252,2023-06-06T14:19:40Z,214.385,402.0,0.025000000000005684
253,2023-06-06T14:19:50Z,214.41,557.0,0.07230000000001269
254,2023-06-06T14:20:00Z,214.4823,-200.0,-0.06730000000001723
255,2023-06-06T14:20:10Z,214.415,-878.0,0.05500000000000682
256,2023-06-06T14:20:20Z,214.47,517.0,-0.02909999999999968
257,2023-06-06T14:20:30Z,214.4409,466.0,0.32920000000001437
258,2023-06-06T14:20:40Z,214.7701,-433.0,0.059899999999998954
259,2023-06-06T14:20:50Z,214.83,-298.0,0.05999999999997385
260,2023-06-06T14:21:00Z,214.89,795.0,0.4000000000000057
261,2023-06-06T14:21:10Z,215.29,100.0,-0.20999999999997954
262,2023-06-06T14:21:20Z,215.08,100.0,0.07999999999998408
263,2023-06-06T14:21:30Z,215.16,-1128.0,-0.0700999999999965
264,2023-06-06T14:21:40Z,215.0899,145.0,0.1384999999999934
265,2023-06-06T14:21:50Z,215.2284,-661.0,-0.028400000000004866
266,2023-06-06T14:22:00Z,215.2,-730.0,0.2300000000000182
267,2023-06-06T14:22:10Z,215.43,-848.0,0.08039999999999736
268,2023-06-06T14:22:20Z,215.5104,350.0,-0.27950000000001296
269,2023-06-06T14:22:40Z,215.2309,500.0,-0.1033999999999935
270,2023-06-06T14:22:50Z,215.1275,170.0,-0.037499999999994316
271,2023-06-06T14:23:00Z,215.09,-315.0,-0.0006999999999948159
272,2023-06-06T14:23:10Z,215.0893,248.0,-0.23930000000001428
273,2023-06-06T14:23:20Z,214.85,820.0,0.12989999999999213
274,2023-06-06T14:23:30Z,214.9799,-500.0,-0.043099999999981264
275,2023-06-06T14:23:50Z,214.9368,301.0,0.013199999999983447
276,2023-06-06T14:24:00Z,214.95,145.0,0.150100000000009
277,2023-06-06T14:24:10Z,215.1001,571.0,0.20990000000000464
278,2023-06-06T14:24:20Z,215.31,774.0,0.03499999999999659
279,2023-06-06T14:24:40Z,215.345,165.0,-0.033299999999997
280,2023-06-06T14:24:50Z,215.3117,200.0,0.008299999999991314
281,2023-06-06T14:25:00Z,215.32,91.0,-0.02949999999998454
282,2023-06-06T14:25:10Z,215.2905,743.0,0.10949999999999704
283,2023-06-06T14:25:20Z,215.4,-119.0,-0.030000000000001137
284,2023-06-06T14:25:30Z,215.37,330.0,0.01999999999998181
285,2023-06-06T14:25:40Z,215.39,304.0,-0.13249999999999318
286,2023-06-06T14:26:00Z,215.2575,275.0,0.002600000000001046
287,2023-06-06T14:26:20Z,215.2601,122.0,0.07990000000000919
288,2023-06-06T14:26:40Z,215.34,133.0,-0.045000000000015916
289,2023-06-06T14:26:50Z,215.295,-83.0,-0.09499999999999886
290,2023-06-06T14:27:00Z,215.2,360.0,-0.0367999999999995
291,2023-06-06T14:27:10Z,215.1632,-300.0,0.0367999999999995
292,2023-06-06T14:27:30Z,215.2,347.0,-0.35499999999998977
293,2023-06-06T14:28:00Z,214.845,81.0,0.09499999999999886
294,2023-06-06T14:28:10Z,214.94,-60.0,0.09000000000000341
295,2023-06-06T14:28:40Z,215.03,-579.0,-0.11420000000001096
296,2023-06-06T14:28:50Z,214.9158,241.0,0.08920000000000528
297,2023-06-06T14:29:00Z,215.005,-350.0,-0.07499999999998863
298,2023-06-06T14:29:10Z,214.93,100.0,-0.05200000000002092
299,2023-06-06T14:29:20Z,214.878,-600.0,0.05200000000002092
300,2023-06-06T14:29:30Z,214.93,1807.0,0.09999999999999432
301,2023-06-06T14:29:40Z,215.03,-251.0,-0.11899999999999977
302,2023-06-06T14:29:50Z,214.911,-408.0,-0.15100000000001046
303,2023-06-06T14:30:00Z,214.76,2990.0,0.20990000000000464
304,2023-06-06T14:30:10Z,214.9699,-300.0,-0.019900000000006912
305,2023-06-06T14:30:20Z,214.95,-154.0,-0.08489999999997622
306,2023-06-06T14:30:30Z,214.8651,197.0,0.03489999999999327
307,2023-06-06T14:30:50Z,214.9,-1150.0,-0.015399999999999636
308,2023-06-06T14:31:00Z,214.8846,118.0,0.05179999999998586
309,2023-06-06T14:31:10Z,214.9364,101.0,0.12360000000001037
310,2023-06-06T14:31:20Z,215.06,323.0,-0.2790999999999997
311,2023-06-06T14:31:30Z,214.7809,1317.0,0.16909999999998604
312,2023-06-06T14:31:40Z,214.95,233.0,-0.07280000000000086
313,2023-06-06T14:31:50Z,214.8772,511.0,0.06270000000000664
314,2023-06-06T14:32:00Z,214.9399,56.0,-0.04399999999998272
315,2023-06-06T14:32:10Z,214.8959,100.0,0.06409999999999627
316,2023-06-06T14:32:20Z,214.96,369.0,0.2510999999999797
317,2023-06-06T14:32:40Z,215.2111,260.0,0.018900000000002137
318,2023-06-06T14:32:50Z,215.23,-201.0,0.11000000000001364
319,2023-06-06T14:33:00Z,215.34,-422.0,-0.21999999999999886
320,2023-06-06T14:33:20Z,215.12,-650.0,0.16499999999999204
321,2023-06-06T14:33:40Z,215.285,489.0,-0.014199999999988222
322,2023-06-06T14:33:50Z,215.2708,779.0,0.00919999999999277
323,2023-06-06T14:34:00Z,215.28,-181.0,0.0
324,2023-06-06T14:34:20Z,215.28,-375.0,-0.01500000000001478
325,2023-06-06T14:34:30Z,215.265,-459.0,-0.09499999999999886
326,2023-06-06T14:34:40Z,215.17,-450.0,-0.014999999999986358
327,2023-06-06T14:35:00Z,215.155,-210.0,-0.05500000000000682
328,2023-06-06T14:35:10Z,215.1,254.0,0.2481999999999971
329,2023-06-06T14:35:20Z,215.3482,-301.0,0.25679999999999836
330,2023-06-06T14:35:30Z,215.605,-760.0,0.1851000000000056
331,2023-06-06T14:35:40Z,215.7901,220.0,0.06110000000001037
332,2023-06-06T14:35:50Z,215.8512,-521.0,-0.161200000000008
333,2023-06-06T14:36:00Z,215.69,217.0,0.1518000000000086
334,2023-06-06T14:36:10Z,215.8418,408.0,0.03819999999998913
335,2023-06-06T14:36:20Z,215.88,536.0,0.059899999999998954
336,2023-06-06T14:36:50Z,215.9399,285.0,-0.14990000000000236
337,2023-06-06T14:37:10Z,215.79,-300.0,0.06499999999999773
338,2023-06-06T14:37:20Z,215.855,1946.0,0.08500000000000796
339,2023-06-06T14:37:30Z,215.94,-472.0,-0.025000000000005684
340,2023-06-06T14:37:40Z,215.915,-402.0,-0.10819999999998231
341,2023-06-06T14:37:50Z,215.8068,633.0,0.18309999999999604
342,2023-06-06T14:38:00Z,215.9899,-300.0,0.19020000000000437
343,2023-06-06T14:38:10Z,216.1801,50.0,-0.12020000000001119
344,2023-06-06T14:38:50Z,216.0599,-682.0,-0.15579999999999927
345,2023-06-06T14:39:10Z,215.9041,-571.0,-0.014100000000013324
346,2023-06-06T14:39:20Z,215.89,865.0,-0.07149999999998613
347,2023-06-06T14:39:30Z,215.8185,-587.0,-0.06350000000000477
348,2023-06-06T14:39:40Z,215.755,680.0,0.14500000000001023
349,2023-06-06T14:39:50Z,215.9,-338.0,0.030000000000001137
350,2023-06-06T14:40:00Z,215.93,233.0,0.10009999999999764
351,2023-06-06T14:40:10Z,216.0301,843.0,0.1740000000000066
352,2023-06-06T14:40:20Z,216.2041,122.0,-0.026800000000008595
353,2023-06-06T14:40:30Z,216.1773,-583.0,-0.03819999999998913
354,2023-06-06T14:40:50Z,216.1391,-300.0,0.006199999999978445
355,2023-06-06T14:41:00Z,216.1453,452.0,0.08970000000002187
356,2023-06-06T14:41:10Z,216.235,-401.0,0.11499999999998067
357,2023-06-06T14:41:20Z,216.35,-432.0,-0.01820000000000732
358,2023-06-06T14:41:30Z,216.3318,-332.0,0.13820000000001187
359,2023-06-06T14:41:40Z,216.47,-1194.0,0.05000000000001137
360,2023-06-06T14:41:50Z,216.52,-600.0,0.07749999999998636
361,2023-06-06T14:42:00Z,216.5975,175.0,0.012500000000017053
362,2023-06-06T14:42:10Z,216.61,-300.0,0.1599999999999966
363,2023-06-06T14:42:30Z,216.77,78.0,-0.02020000000001687
364,2023-06-06T14:42:40Z,216.7498,-178.0,-0.06979999999998654
365,2023-06-06T14:42:50Z,216.68,-230.0,-0.04550000000000409
366,2023-06-06T14:43:00Z,216.6345,436.0,0.039700000000010505
367,2023-06-06T14:43:10Z,216.6742,58.0,0.12579999999999814
368,2023-06-06T14:43:20Z,216.8,-456.0,-0.049000000000006594
369,2023-06-06T14:43:30Z,216.751,20900.0,-0.13100000000000023
370,2023-06-06T14:43:40Z,216.62,271.0,-0.06960000000000832
371,2023-06-06T14:43:50Z,216.5504,-800.0,-0.010400000000004184
372,2023-06-06T14:44:00Z,216.54,-200.0,-0.10849999999999227
373,2023-06-06T14:44:10Z,216.4315,823.0,0.11549999999999727
374,2023-06-06T14:44:20Z,216.547,-785.0,0.06290000000001328
375,2023-06-06T14:44:30Z,216.6099,400.0,0.13509999999999422
376,2023-06-06T14:44:40Z,216.745,-358.0,0.009999999999990905
377,2023-06-06T14:44:50Z,216.755,312.0,0.03350000000000364
378,2023-06-06T14:45:00Z,216.7885,225.0,0.42150000000000887
379,2023-06-06T14:45:10Z,217.21,937.0,0.04009999999999536
380,2023-06-06T14:45:20Z,217.2501,-300.0,0.04999999999998295
381,2023-06-06T14:45:30Z,217.3001,401.0,0.11610000000001719
382,2023-06-06T14:45:40Z,217.4162,-301.0,-0.017699999999990723
383,2023-06-06T14:45:50Z,217.3985,-378.0,0.10149999999998727
384,2023-06-06T14:46:00Z,217.5,-466.0,-0.22999999999998977
385,2023-06-06T14:46:10Z,217.27,857.0,0.059899999999998954
386,2023-06-06T14:46:20Z,217.3299,62.0,-0.12980000000001723
387,2023-06-06T14:46:30Z,217.2001,1317.0,-0.02009999999998513
388,2023-06-06T14:46:40Z,217.18,152.0,0.1484999999999843
389,2023-06-06T14:46:50Z,217.3285,-619.0,-0.01849999999998886
390,2023-06-06T14:47:00Z,217.31,-200.0,0.06059999999999377
391,2023-06-06T14:47:10Z,217.3706,-253.0,-0.005599999999986949
392,2023-06-06T14:47:20Z,217.365,-176.0,0.0049999999999954525
393,2023-06-06T14:47:30Z,217.37,178.0,0.028999999999996362
394,2023-06-06T14:47:40Z,217.399,-200.0,0.015999999999991132
395,2023-06-06T14:47:50Z,217.415,-523.0,-0.045099999999990814
396,2023-06-06T14:48:00Z,217.3699,-320.0,-0.28829999999999245
397,2023-06-06T14:48:10Z,217.0816,669.0,0.16839999999999122
398,2023-06-06T14:48:20Z,217.25,-757.0,0.020000000000010232
399,2023-06-06T14:48:30Z,217.27,-179.0,0.03999999999999204
400,2023-06-06T14:48:40Z,217.31,-56.0,0.0
401,2023-06-06T14:48:50Z,217.31,794.0,-0.14990000000000236
402,2023-06-06T14:49:00Z,217.1601,540.0,0.15989999999999327
403,2023-06-06T14:49:10Z,217.32,135.0,-0.01999999999998181
404,2023-06-06T14:49:20Z,217.3,700.0,0.36769999999998504
405,2023-06-06T14:49:30Z,217.6677,300.0,-0.20109999999999673
406,2023-06-06T14:49:40Z,217.4666,996.0,-0.10130000000000905
407,2023-06-06T14:49:50Z,217.3653,81.0,0.09470000000001733
408,2023-06-06T14:50:00Z,217.46,-366.0,0.22999999999998977
409,2023-06-06T14:50:10Z,217.69,609.0,0.0
410,2023-06-06T14:50:20Z,217.69,-463.0,-0.15819999999999368
411,2023-06-06T14:50:30Z,217.5318,122.0,0.12819999999999254
412,2023-06-06T14:50:40Z,217.66,-650.0,-0.05519999999998504
413,2023-06-06T14:50:50Z,217.6048,-240.0,-0.06480000000001951
414,2023-06-06T14:51:00Z,217.54,-500.0,-0.13999999999998636
415,2023-06-06T14:51:10Z,217.4,607.0,-0.06999999999999318
416,2023-06-06T14:51:30Z,217.33,347.0,0.07739999999998304
417,2023-06-06T14:51:40Z,217.4074,672.0,0.16570000000001528
418,2023-06-06T14:52:00Z,217.5731,-326.0,-0.12810000000001764
419,2023-06-06T14:52:10Z,217.445,-833.0,-0.05500000000000682
420,2023-06-06T14:52:30Z,217.39,300.0,-0.0368999999999744
421,2023-06-06T14:52:40Z,217.3531,-1135.0,-0.10370000000000346
422,2023-06-06T14:52:50Z,217.2494,-1368.0,-0.009399999999999409
423,2023-06-06T14:53:10Z,217.24,448.0,0.060000000000002274
424,2023-06-06T14:53:20Z,217.3,-505.0,-0.21000000000000796
425,2023-06-06T14:53:30Z,217.09,-276.0,-0.12999999999999545
426,2023-06-06T14:53:40Z,216.96,161.0,0.04200000000000159
427,2023-06-06T14:53:50Z,217.002,-131.0,0.007999999999981355
428,2023-06-06T14:54:00Z,217.01,-575.0,-0.06999999999999318
429,2023-06-06T14:54:10Z,216.94,-44595.0,0.02010000000001355
430,2023-06-06T14:54:30Z,216.9601,-844.0,0.009899999999987585
431,2023-06-06T14:54:40Z,216.97,-1000.0,-0.09999999999999432
432,2023-06-06T14:54:50Z,216.87,-150.0,-0.030000000000001137
433,2023-06-06T14:55:10Z,216.84,-26.0,-0.06999999999999318
434,2023-06-06T14:55:20Z,216.77,-1601.0,-0.0800000000000125
435,2023-06-06T14:55:30Z,216.69,385.0,-0.009999999999990905
436,2023-06-06T14:55:40Z,216.68,-490.0,-0.05000000000001137
437,2023-06-06T14:55:50Z,216.63,644.0,0.009999999999990905
438,2023-06-06T14:56:00Z,216.64,-550.0,-0.07999999999998408
439,2023-06-06T14:56:10Z,216.56,-206.0,0.08869999999998868
440,2023-06-06T14:56:20Z,216.6487,252.0,0.1255000000000166
441,2023-06-06T14:56:30Z,216.7742,1212.0,0.1057999999999879
442,2023-06-06T14:56:40Z,216.88,-300.0,-0.01999999999998181
443,2023-06-06T14:56:50Z,216.86,151.0,0.04999999999998295
444,2023-06-06T14:57:00Z,216.91,179.0,-0.07450000000000045
445,2023-06-06T14:57:10Z,216.8355,66.0,0.07460000000000377
446,2023-06-06T14:57:20Z,216.9101,500.0,-0.018000000000000682
447,2023-06-06T14:57:30Z,216.8921,462.0,0.08269999999998845
448,2023-06-06T14:57:40Z,216.9748,-400.0,0.0952000000000055
449,2023-06-06T14:57:50Z,217.07,-300.0,-0.0049999999999954525
450,2023-06-06T14:58:00Z,217.065,442.0,0.08500000000000796
451,2023-06-06T14:58:20Z,217.15,343.0,-0.09999999999999432
452,2023-06-06T14:58:30Z,217.05,616.0,0.033899999999988495
453,2023-06-06T14:58:40Z,217.0839,-700.0,-0.04390000000000782
454,2023-06-06T14:58:50Z,217.04,475.0,0.020000000000010232
455,2023-06-06T14:59:00Z,217.06,84.0,0.09010000000000673
456,2023-06-06T14:59:10Z,217.1501,410.0,0.1203999999999894
457,2023-06-06T14:59:20Z,217.2705,410.0,0.08959999999999013
458,2023-06-06T14:59:30Z,217.3601,100.0,-0.02009999999998513
459,2023-06-06T14:59:40Z,217.34,0.0,-0.0800000000000125
460,2023-06-06T14:59:50Z,217.26,421.0,-0.0049999999999954525
461,2023-06-06T15:00:10Z,217.255,-1302.0,-0.09569999999999368
462,2023-06-06T15:00:20Z,217.1593,207.0,0.0648999999999944
463,2023-06-06T15:00:30Z,217.2242,-427.0,-0.20889999999999986
464,2023-06-06T15:00:40Z,217.0153,501.0,-0.011300000000005639
465,2023-06-06T15:00:50Z,217.004,2650.0,-0.013999999999981583
466,2023-06-06T15:01:20Z,216.99,328.0,-0.010000000000019327
467,2023-06-06T15:01:30Z,216.98,-594.0,-0.14969999999999573
468,2023-06-06T15:01:40Z,216.8303,-101.0,-0.040300000000002
469,2023-06-06T15:01:50Z,216.79,500.0,0.03100000000000591
470,2023-06-06T15:02:00Z,216.821,146.0,-0.19599999999999795
471,2023-06-06T15:02:10Z,216.625,-210.0,0.03499999999999659
472,2023-06-06T15:02:20Z,216.66,219.0,-0.019900000000006912
473,2023-06-06T15:02:30Z,216.6401,217.0,0.1799000000000035
474,2023-06-06T15:02:40Z,216.82,702.0,0.015900000000016234
475,2023-06-06T15:02:50Z,216.8359,100.0,0.028899999999993042
476,2023-06-06T15:03:00Z,216.8648,-450.0,-0.04480000000000928
477,2023-06-06T15:03:10Z,216.82,-400.0,-0.04999999999998295
478,2023-06-06T15:03:20Z,216.77,-419.0,0.22049999999998704
479,2023-06-06T15:03:40Z,216.9905,-100.0,0.08950000000001523
480,2023-06-06T15:03:50Z,217.08,-1403.0,-0.005000000000023874
481,2023-06-06T15:04:00Z,217.075,-522.0,0.03500000000002501
482,2023-06-06T15:04:10Z,217.11,55.0,-0.13000000000002387
483,2023-06-06T15:04:20Z,216.98,400.0,-0.0654999999999859
484,2023-06-06T15:04:30Z,216.9145,484.0,0.04550000000000409
485,2023-06-06T15:04:40Z,216.96,-1300.0,0.009999999999990905
486,2023-06-06T15:04:50Z,216.97,301.0,-0.12749999999999773
487,2023-06-06T15:05:00Z,216.8425,-900.0,0.0024999999999977263
488,2023-06-06T15:05:10Z,216.845,-816.0,-0.11099999999999
489,2023-06-06T15:05:20Z,216.734,-1754.0,0.033699999999981856
490,2023-06-06T15:05:30Z,216.7677,167.0,0.14230000000000587
491,2023-06-06T15:05:40Z,216.91,225.0,0.060000000000002274
492,2023-06-06T15:05:50Z,216.97,957.0,-0.009999999999990905
493,2023-06-06T15:06:00Z,216.96,256.0,-0.05500000000000682
494,2023-06-06T15:06:10Z,216.905,434.0,0.16499999999999204
495,2023-06-06T15:06:20Z,217.07,232.0,0.04189999999999827
496,2023-06-06T15:06:30Z,217.1119,350.0,-0.11619999999999209
497,2023-06-06T15:06:50Z,216.9957,-434.0,-0.0257000000000005
498,2023-06-06T15:07:00Z,216.97,250.0,0.09999999999999432
499,2023-06-06T15:07:10Z,217.07,-100.0,0.0
500,2023-06-06T15:07:20Z,217.07,-1129.0,-0.5519999999999925
501,2023-06-06T15:07:30Z,216.518,-1796.0,0.12700000000000955
502,2023-06-06T15:07:40Z,216.645,-798.0,0.060000000000002274
503,2023-06-06T15:07:50Z,216.705,-235.0,0.03499999999999659
504,2023-06-06T15:08:00Z,216.74,432.0,0.035699999999991405
505,2023-06-06T15:08:10Z,216.7757,12.0,0.07429999999999382
506,2023-06-06T15:08:20Z,216.85,300.0,0.1448000000000036
507,2023-06-06T15:08:30Z,216.9948,-800.0,0.09020000000001005
508,2023-06-06T15:08:40Z,217.085,200.0,-0.07500000000001705
509,2023-06-06T15:08:50Z,217.01,166.0,0.14000000000001478
510,2023-06-06T15:09:00Z,217.15,-1434.0,-0.02379999999999427
511,2023-06-06T15:09:10Z,217.1262,539.0,0.11379999999999768
512,2023-06-06T15:09:20Z,217.24,-506.0,-0.020000000000010232
513,2023-06-06T15:09:30Z,217.22,319.0,0.11000000000001364
514,2023-06-06T15:09:40Z,217.33,172.0,0.009999999999990905
515,2023-06-06T15:09:50Z,217.34,-135.0,0.060000000000002274
516,2023-06-06T15:10:00Z,217.4,-655.0,-0.054400000000015325
517,2023-06-06T15:10:10Z,217.3456,200.0,0.19939999999999714
518,2023-06-06T15:10:30Z,217.545,-282.0,0.12330000000000041
519,2023-06-06T15:10:40Z,217.6683,-387.0,0.1705000000000041
520,2023-06-06T15:10:50Z,217.8388,-1802.0,0.11119999999999663
521,2023-06-06T15:11:00Z,217.95,700.0,0.010000000000019327
522,2023-06-06T15:11:10Z,217.96,1060.0,0.0689999999999884
523,2023-06-06T15:11:20Z,218.029,-367.0,0.1308999999999969
524,2023-06-06T15:11:30Z,218.1599,278.0,0.1401000000000181
525,2023-06-06T15:11:40Z,218.3,-314.0,0.07499999999998863
526,2023-06-06T15:11:50Z,218.375,-1059.0,-0.029200000000003
527,2023-06-06T15:12:00Z,218.3458,765.0,-0.15579999999999927
528,2023-06-06T15:12:10Z,218.19,246.0,0.12999999999999545
529,2023-06-06T15:12:20Z,218.32,1900.0,-0.009899999999987585
530,2023-06-06T15:12:30Z,218.3101,-300.0,-0.06010000000000559
531,2023-06-06T15:12:40Z,218.25,200.0,-0.0800000000000125
532,2023-06-06T15:13:00Z,218.17,300.0,0.07210000000000605
533,2023-06-06T15:13:10Z,218.2421,-541.0,-0.2021000000000015
534,2023-06-06T15:13:20Z,218.04,500.0,0.14000000000001478
535,2023-06-06T15:13:30Z,218.18,-590.0,-0.03200000000001069
536,2023-06-06T15:13:40Z,218.148,-439.0,0.10200000000000387
537,2023-06-06T15:14:00Z,218.25,-850.0,-0.10400000000001342
538,2023-06-06T15:14:10Z,218.146,339.0,0.07980000000000587
539,2023-06-06T15:14:20Z,218.2258,-279.0,-0.05580000000000496
540,2023-06-06T15:14:30Z,218.17,-200.0,-0.04189999999999827
541,2023-06-06T15:14:40Z,218.1281,-215.0,0.021900000000016462
542,2023-06-06T15:14:50Z,218.15,289.0,0.02009999999998513
543,2023-06-06T15:15:00Z,218.1701,139.0,0.010700000000014143
544,2023-06-06T15:15:10Z,218.1808,965.0,0.07909999999998263
545,2023-06-06T15:15:20Z,218.2599,-22811.0,0.010100000000022646
546,2023-06-06T15:15:40Z,218.27,-400.0,-0.05360000000001719
547,2023-06-06T15:15:50Z,218.2164,509.0,0.10859999999999559
548,2023-06-06T15:16:00Z,218.325,988.0,0.23500000000001364
549,2023-06-06T15:16:10Z,218.56,1500.0,-0.061599999999998545
550,2023-06-06T15:16:20Z,218.4984,226.0,-0.22880000000000678
551,2023-06-06T15:16:30Z,218.2696,-791.0,0.1004000000000076
552,2023-06-06T15:16:40Z,218.37,575.0,0.10999999999998522
553,2023-06-06T15:16:50Z,218.48,-52.0,0.1799000000000035
554,2023-06-06T15:17:10Z,218.6599,148.0,-0.03489999999999327
555,2023-06-06T15:17:20Z,218.625,-600.0,0.05500000000000682
556,2023-06-06T15:17:30Z,218.68,-940.0,0.009999999999990905
557,2023-06-06T15:17:40Z,218.69,-459.0,0.09999999999999432
558,2023-06-06T15:17:50Z,218.79,600.0,0.030000000000001137
559,2023-06-06T15:18:00Z,218.82,449.0,0.0
560,2023-06-06T15:18:10Z,218.82,183.0,0.008100000000013097
561,2023-06-06T15:18:20Z,218.8281,78.0,0.011899999999997135
562,2023-06-06T15:18:30Z,218.84,409.0,0.08920000000000528
563,2023-06-06T15:18:40Z,218.9292,286.0,-0.019100000000008777
564,2023-06-06T15:18:50Z,218.9101,-423.0,-0.05760000000000787
565,2023-06-06T15:19:00Z,218.8525,-754.0,0.04760000000001696
566,2023-06-06T15:19:10Z,218.9001,-591.0,-0.03660000000002128
567,2023-06-06T15:19:20Z,218.8635,-653.0,0.12640000000001805
568,2023-06-06T15:19:30Z,218.9899,-747.0,-0.07990000000000919
569,2023-06-06T15:19:50Z,218.91,561.0,0.10400000000001342
570,2023-06-06T15:20:00Z,219.014,-277.0,-0.10400000000001342
571,2023-06-06T15:20:10Z,218.91,1598.0,0.009999999999990905
572,2023-06-06T15:20:30Z,218.92,-381.0,-0.03999999999999204
573,2023-06-06T15:20:40Z,218.88,500.0,-0.03999999999999204
574,2023-06-06T15:20:50Z,218.84,651.0,-0.009999999999990905
575,2023-06-06T15:21:00Z,218.83,48.0,0.0700999999999965
576,2023-06-06T15:21:10Z,218.9001,-577.0,0.009799999999984266
577,2023-06-06T15:21:20Z,218.9099,-600.0,-0.349899999999991
578,2023-06-06T15:21:30Z,218.56,25.0,-0.020000000000010232
579,2023-06-06T15:21:40Z,218.54,751.0,-0.1699999999999875
580,2023-06-06T15:21:50Z,218.37,-490.0,-0.020000000000010232
581,2023-06-06T15:22:00Z,218.35,268.0,0.08500000000000796
582,2023-06-06T15:22:10Z,218.435,-57.0,0.1349999999999909
583,2023-06-06T15:22:20Z,218.57,-173.0,-0.015999999999991132
584,2023-06-06T15:22:30Z,218.554,-510.0,-0.05469999999999686
585,2023-06-06T15:22:40Z,218.4993,300.0,-0.05930000000000746
586,2023-06-06T15:22:50Z,218.44,300.0,-0.009999999999990905
587,2023-06-06T15:23:00Z,218.43,-700.0,-0.07810000000000628
588,2023-06-06T15:23:10Z,218.3519,215.0,0.0630999999999915
589,2023-06-06T15:23:20Z,218.415,44.0,-0.16450000000000387
590,2023-06-06T15:23:30Z,218.2505,-200.0,-0.0654999999999859
591,2023-06-06T15:23:40Z,218.185,201.0,-0.05500000000000682
592,2023-06-06T15:23:50Z,218.13,-649.0,-0.1098999999999819
593,2023-06-06T15:24:00Z,218.0201,477.0,-0.10660000000001446
594,2023-06-06T15:24:20Z,217.9135,686.0,0.006499999999988404
595,2023-06-06T15:24:30Z,217.92,200.0,-0.07499999999998863
596,2023-06-06T15:24:40Z,217.845,-1011.0,0.020000000000010232
597,2023-06-06T15:24:50Z,217.865,186.0,-0.07500000000001705
598,2023-06-06T15:25:10Z,217.79,960.0,-0.06529999999997926
599,2023-06-06T15:25:20Z,217.7247,287.0,-0.004700000000013915
600,2023-06-06T15:25:30Z,217.72,50.0,-0.18960000000001287
601,2023-06-06T15:25:40Z,217.5304,-826.0,-0.05469999999999686
602,2023-06-06T15:25:50Z,217.4757,-186.0,-0.17569999999997776
603,2023-06-06T15:26:10Z,217.3,3201.0,0.07999999999998408
604,2023-06-06T15:26:20Z,217.38,1016.0,0.0800000000000125
605,2023-06-06T15:26:30Z,217.46,-254.0,0.19999999999998863
606,2023-06-06T15:26:40Z,217.66,-732.0,0.14000000000001478
607,2023-06-06T15:26:50Z,217.8,-628.0,0.044999999999987494
608,2023-06-06T15:27:00Z,217.845,-618.0,-0.2622000000000071
609,2023-06-06T15:27:20Z,217.5828,617.0,0.3019000000000176
610,2023-06-06T15:27:40Z,217.8847,-246.0,0.23529999999999518
611,2023-06-06T15:27:50Z,218.12,124.0,-0.1880999999999915
612,2023-06-06T15:28:00Z,217.9319,-124.0,0.21809999999999263
613,2023-06-06T15:28:10Z,218.15,656.0,0.2709999999999866
614,2023-06-06T15:28:30Z,218.421,-577.0,-0.2609999999999957
615,2023-06-06T15:28:40Z,218.16,39.0,0.2411000000000172
616,2023-06-06T15:29:00Z,218.4011,-1062.0,-0.20110000000002515
617,2023-06-06T15:29:10Z,218.2,233.0,-0.08999999999997499
618,2023-06-06T15:29:20Z,218.11,-668.0,-0.24390000000002487
619,2023-06-06T15:29:40Z,217.8661,-252.0,-0.04599999999999227
620,2023-06-06T15:30:10Z,217.8201,58.0,0.15489999999999782
621,2023-06-06T15:30:20Z,217.975,100.0,0.19499999999999318
622,2023-06-06T15:30:30Z,218.17,620.0,0.18730000000002178
623,2023-06-06T15:30:50Z,218.3573,-334.0,0.12779999999997926
624,2023-06-06T15:31:10Z,218.4851,-1035.0,-0.03509999999999991
625,2023-06-06T15:31:20Z,218.45,-456.0,-0.09699999999997999
626,2023-06-06T15:31:40Z,218.353,117.0,0.14699999999999136
627,2023-06-06T15:31:50Z,218.5,465.0,0.1699999999999875
628,2023-06-06T15:32:00Z,218.67,100.0,-0.03999999999999204
629,2023-06-06T15:32:10Z,218.63,372.0,-0.0049999999999954525
630,2023-06-06T15:32:20Z,218.625,283.0,0.0648999999999944
631,2023-06-06T15:32:30Z,218.6899,-400.0,0.02770000000001005
632,2023-06-06T15:32:40Z,218.7176,513.0,-0.019100000000008777
633,2023-06-06T15:32:50Z,218.6985,151.0,0.011500000000012278
634,2023-06-06T15:33:00Z,218.71,-49.0,-0.2581000000000131
635,2023-06-06T15:33:20Z,218.4519,100.0,0.023099999999999454
636,2023-06-06T15:33:30Z,218.475,173.0,0.07089999999999463
637,2023-06-06T15:33:50Z,218.5459,-384.0,-0.19969999999997867
638,2023-06-06T15:34:00Z,218.3462,1100.0,0.2536999999999807
639,2023-06-06T15:34:10Z,218.5999,800.0,0.00010000000000331966
640,2023-06-06T15:34:20Z,218.6,761.0,0.28650000000001796
641,2023-06-06T15:34:50Z,218.8865,442.0,0.033499999999975216
642,2023-06-06T15:35:00Z,218.92,178.0,-0.09909999999999286
643,2023-06-06T15:35:10Z,218.8209,632.0,-0.0408999999999935
644,2023-06-06T15:35:20Z,218.78,-250.0,-0.10120000000000573
645,2023-06-06T15:35:30Z,218.6788,384.0,0.22120000000001028
646,2023-06-06T15:35:50Z,218.9,-67.0,0.07999999999998408
647,2023-06-06T15:36:00Z,218.98,-200.0,-0.030000000000001137
648,2023-06-06T15:36:10Z,218.95,-259.0,0.0700000000000216
649,2023-06-06T15:36:20Z,219.02,-566.0,-0.005000000000023874
650,2023-06-06T15:36:30Z,219.015,-800.0,-0.023199999999974352
651,2023-06-06T15:36:40Z,218.9918,40.0,0.0882000000000005
652,2023-06-06T15:36:50Z,219.08,773.0,0.11999999999997613
653,2023-06-06T15:37:00Z,219.2,-7205.0,-0.044999999999987494
654,2023-06-06T15:37:10Z,219.155,292.0,-0.025000000000005684
655,2023-06-06T15:37:20Z,219.13,0.0,-0.10499999999998977
656,2023-06-06T15:37:50Z,219.025,100.0,0.05500000000000682
657,2023-06-06T15:38:00Z,219.08,191.0,-0.030000000000001137
658,2023-06-06T15:38:20Z,219.05,408.0,0.07499999999998863
659,2023-06-06T15:38:30Z,219.125,145.0,-0.0049999999999954525
660,2023-06-06T15:38:40Z,219.12,206.0,0.01999999999998181
661,2023-06-06T15:38:50Z,219.14,826.0,-0.03999999999999204
662,2023-06-06T15:39:00Z,219.1,-100.0,-0.0835999999999899
663,2023-06-06T15:39:10Z,219.0164,44.0,0.09860000000000468
664,2023-06-06T15:39:20Z,219.115,494.0,0.125
665,2023-06-06T15:39:30Z,219.24,-14116.0,0.06499999999999773
666,2023-06-06T15:39:50Z,219.305,-12828.0,0.08499999999997954
667,2023-06-06T15:40:00Z,219.39,-217.0,0.0660000000000025
668,2023-06-06T15:40:10Z,219.456,-291.0,0.034000000000020236
669,2023-06-06T15:40:20Z,219.49,-35224.0,0.060000000000002274
670,2023-06-06T15:40:30Z,219.55,45141.0,0.09569999999999368
671,2023-06-06T15:40:40Z,219.6457,10.0,0.04429999999999268
672,2023-06-06T15:40:50Z,219.69,-7112.0,0.03499999999999659
673,2023-06-06T15:41:00Z,219.725,300.0,0.040300000000002
674,2023-06-06T15:41:10Z,219.7653,398.0,0.01470000000000482
675,2023-06-06T15:41:20Z,219.78,-978.0,-0.2185000000000059
676,2023-06-06T15:41:30Z,219.5615,504.0,0.016199999999997772
677,2023-06-06T15:41:40Z,219.5777,-166.0,0.19200000000000728
678,2023-06-06T15:41:50Z,219.7697,283.0,0.040300000000002
679,2023-06-06T15:42:00Z,219.81,500.0,-0.02760000000000673
680,2023-06-06T15:42:10Z,219.7824,-264.0,-0.0023999999999944066
681,2023-06-06T15:42:20Z,219.78,372.0,0.009899999999987585
682,2023-06-06T15:42:30Z,219.7899,-366.0,-0.0005999999999914962
683,2023-06-06T15:42:40Z,219.7893,-272.0,-0.16929999999999268
684,2023-06-06T15:42:50Z,219.62,-297.0,0.09999999999999432
685,2023-06-06T15:43:00Z,219.72,261.0,0.009999999999990905
686,2023-06-06T15:43:10Z,219.73,1571.0,-0.09999999999999432
687,2023-06-06T15:43:20Z,219.63,697.0,0.041100000000000136
688,2023-06-06T15:43:30Z,219.6711,-100.0,-0.009399999999999409
689,2023-06-06T15:43:40Z,219.6617,308.0,-0.12170000000000414
690,2023-06-06T15:43:50Z,219.54,1700.0,0.10439999999999827
691,2023-06-06T15:44:00Z,219.6444,88.0,0.1255000000000166
692,2023-06-06T15:44:10Z,219.7699,-96.0,0.011899999999997135
693,2023-06-06T15:44:20Z,219.7818,555.0,-0.011799999999993815
694,2023-06-06T15:44:30Z,219.77,-515.0,0.03499999999999659
695,2023-06-06T15:44:40Z,219.805,269.0,0.07499999999998863
696,2023-06-06T15:45:00Z,219.88,-1742.0,-0.048499999999989996
697,2023-06-06T15:45:10Z,219.8315,577.0,-0.011500000000012278
698,2023-06-06T15:45:20Z,219.82,310.0,-0.009999999999990905
699,2023-06-06T15:45:30Z,219.81,-952.0,0.060000000000002274
700,2023-06-06T15:45:40Z,219.87,-484.0,0.06790000000000873
701,2023-06-06T15:45:50Z,219.9379,-565.0,0.04199999999997317
702,2023-06-06T15:46:00Z,219.9799,-4000.0,0.010100000000022646
703,2023-06-06T15:46:10Z,219.99,-113950.0,-0.0800000000000125
704,2023-06-06T15:46:20Z,219.91,545.0,0.05700000000001637
705,2023-06-06T15:46:30Z,219.967,-391.0,-0.06700000000000728
706,2023-06-06T15:46:40Z,219.9,-1019.0,-0.05500000000000682
707,2023-06-06T15:46:50Z,219.845,162.0,0.05500000000000682
708,2023-06-06T15:47:00Z,219.9,-549.0,-0.06770000000000209
709,2023-06-06T15:47:10Z,219.8323,153.0,0.02770000000001005
710,2023-06-06T15:47:20Z,219.86,39.0,-0.030000000000001137
711,2023-06-06T15:47:30Z,219.83,150.0,0.030000000000001137
712,2023-06-06T15:47:40Z,219.86,476.0,0.10999999999998522
713,2023-06-06T15:48:10Z,219.97,210.0,-0.08639999999999759
714,2023-06-06T15:48:30Z,219.8836,-520.0,0.06639999999998736
715,2023-06-06T15:48:40Z,219.95,283.0,0.00380000000001246
716,2023-06-06T15:48:50Z,219.9538,563.0,-0.02379999999999427
717,2023-06-06T15:49:10Z,219.93,-140.0,0.029799999999994498
718,2023-06-06T15:49:20Z,219.9598,-868.0,0.0002000000000066393
719,2023-06-06T15:49:30Z,219.96,-194.0,0.009999999999990905
720,2023-06-06T15:49:40Z,219.97,-91.0,0.35200000000000387
721,2023-06-06T15:50:00Z,220.322,-344.0,0.07800000000000296
722,2023-06-06T15:50:10Z,220.4,-605.0,0.05879999999999086
723,2023-06-06T15:50:20Z,220.4588,445.0,-0.019399999999990314
724,2023-06-06T15:50:30Z,220.4394,-1143.0,-0.019400000000018736
725,2023-06-06T15:50:40Z,220.42,-238.0,0.13060000000001537
726,2023-06-06T15:50:50Z,220.5506,-200.0,0.0543999999999869
727,2023-06-06T15:51:00Z,220.605,988.0,0.13500000000001933
728,2023-06-06T15:51:10Z,220.74,568.0,-0.040000000000020464
729,2023-06-06T15:51:20Z,220.7,350.0,-0.15949999999998
730,2023-06-06T15:51:30Z,220.5405,-271.0,0.026700000000005275
731,2023-06-06T15:51:40Z,220.5672,765.0,0.07279999999997244
732,2023-06-06T15:51:50Z,220.64,264.0,0.0660000000000025
733,2023-06-06T15:52:10Z,220.706,-460.0,-0.04079999999999018
734,2023-06-06T15:52:30Z,220.6652,-649.0,-0.12520000000000664
735,2023-06-06T15:52:40Z,220.54,301.0,0.010099999999994225
736,2023-06-06T15:52:50Z,220.5501,702.0,0.07990000000000919
737,2023-06-06T15:53:00Z,220.63,200.0,0.08830000000000382
738,2023-06-06T15:53:10Z,220.7183,-1053.0,0.0016999999999995907
739,2023-06-06T15:53:30Z,220.72,-17.0,-0.03499999999999659
740,2023-06-06T15:53:40Z,220.685,-162.0,0.009999999999990905
741,2023-06-06T15:53:50Z,220.695,275.0,0.05500000000000682
742,2023-06-06T15:54:00Z,220.75,-1204.0,-0.0800000000000125
743,2023-06-06T15:54:10Z,220.67,148.0,0.030000000000001137
744,2023-06-06T15:54:20Z,220.7,-1106.0,-0.060000000000002274
745,2023-06-06T15:54:30Z,220.64,16034.0,0.030000000000001137
746,2023-06-06T15:54:40Z,220.67,206.0,0.026400000000023738
747,2023-06-06T15:55:00Z,220.6964,-805.0,-0.42140000000000555
748,2023-06-06T15:55:20Z,220.275,2600.0,-0.12489999999999668
749,2023-06-06T15:55:30Z,220.1501,288.0,-0.21739999999999782
750,2023-06-06T15:55:50Z,219.9327,-263.0,0.02729999999999677
751,2023-06-06T15:56:00Z,219.96,-151.0,0.1599999999999966
752,2023-06-06T15:56:10Z,220.12,-1135.0,0.0
753,2023-06-06T15:56:20Z,220.12,200.0,0.04999999999998295
754,2023-06-06T15:56:30Z,220.17,-1000.0,0.020000000000010232
755,2023-06-06T15:56:40Z,220.19,269.0,0.259900000000016
756,2023-06-06T15:56:50Z,220.4499,-1150.0,9.999999997489795e-05
757,2023-06-06T15:57:00Z,220.45,449.0,-0.03999999999999204
758,2023-06-06T15:57:20Z,220.41,575.0,-0.08500000000000796
759,2023-06-06T15:57:30Z,220.325,23.0,-0.004899999999992133
760,2023-06-06T15:57:40Z,220.3201,223.0,0.03489999999999327
761,2023-06-06T15:58:00Z,220.355,-419.0,-0.08439999999998804
762,2023-06-06T15:58:20Z,220.2706,300.0,0.04939999999999145
763,2023-06-06T15:58:30Z,220.32,-125.0,-0.06999999999999318
764,2023-06-06T15:58:40Z,220.25,-1380.0,-0.043000000000006366
765,2023-06-06T15:58:50Z,220.207,-4695.0,0.002900000000011005
766,2023-06-06T15:59:00Z,220.2099,-4818.0,0.06010000000000559
767,2023-06-06T15:59:20Z,220.27,-454.0,-0.040000000000020464
768,2023-06-06T15:59:40Z,220.23,-231.0,-0.09940000000000282
769,2023-06-06T16:00:10Z,220.1306,-588.0,0.05370000000002051
770,2023-06-06T16:00:20Z,220.1843,-1400.0,0.06569999999999254
771,2023-06-06T16:00:40Z,220.25,600.0,0.09000000000000341
772,2023-06-06T16:00:50Z,220.34,-147.0,0.0
773,2023-06-06T16:01:00Z,220.34,-557.0,0.060000000000002274
774,2023-06-06T16:01:10Z,220.4,-259.0,-0.03460000000001173
775,2023-06-06T16:01:20Z,220.3654,-589.0,-0.05709999999999127
776,2023-06-06T16:01:30Z,220.3083,-286.0,-0.16329999999999245
777,2023-06-06T16:01:40Z,220.145,-375.0,-0.01500000000001478
778,2023-06-06T16:01:50Z,220.13,-46.0,0.020000000000010232
779,2023-06-06T16:02:00Z,220.15,-216.0,-0.01850000000001728
780,2023-06-06T16:02:10Z,220.1315,297.0,0.1780000000000257
781,2023-06-06T16:02:20Z,220.3095,-201.0,-0.13450000000000273
782,2023-06-06T16:02:30Z,220.175,144.0,-0.01500000000001478
783,2023-06-06T16:02:40Z,220.16,-164.0,-0.020000000000010232
784,2023-06-06T16:02:50Z,220.14,660.0,0.060000000000002274
785,2023-06-06T16:03:10Z,220.2,506.0,0.12000000000000455
786,2023-06-06T16:03:20Z,220.32,89.0,-0.030000000000001137
787,2023-06-06T16:03:30Z,220.29,50.0,-0.01999999999998181
788,2023-06-06T16:03:40Z,220.27,-509.0,0.028499999999979764
789,2023-06-06T16:03:50Z,220.2985,432.0,0.2115000000000009
790,2023-06-06T16:04:00Z,220.51,250.0,0.060000000000002274
791,2023-06-06T16:04:10Z,220.57,374.0,0.17070000000001073
792,2023-06-06T16:04:20Z,220.7407,-1299.0,0.043199999999984584
793,2023-06-06T16:04:50Z,220.7839,-20560.0,0.09610000000000696
794,2023-06-06T16:05:00Z,220.88,-390.0,0.05000000000001137
795,2023-06-06T16:05:10Z,220.93,-125.0,-0.11000000000001364
796,2023-06-06T16:05:20Z,220.82,560.0,0.05500000000000682
797,2023-06-06T16:05:30Z,220.875,-168.0,-0.06499999999999773
798,2023-06-06T16:05:40Z,220.81,270.0,-0.07499999999998863
799,2023-06-06T16:05:50Z,220.735,-200.0,0.08039999999999736
800,2023-06-06T16:06:10Z,220.8154,180.0,-0.007900000000006457
801,2023-06-06T16:06:30Z,220.8075,-73.0,-0.0024999999999977263
802,2023-06-06T16:06:40Z,220.805,-90.0,0.06499999999999773
803,2023-06-06T16:06:50Z,220.87,289.0,-0.009900000000016007
804,2023-06-06T16:07:00Z,220.8601,-650.0,0.01660000000001105
805,2023-06-06T16:07:10Z,220.8767,-196.0,-0.026700000000005275
806,2023-06-06T16:07:20Z,220.85,200.0,-0.0013999999999896318
807,2023-06-06T16:07:30Z,220.8486,1181.0,-0.03360000000000696
808,2023-06-06T16:07:40Z,220.815,-534.0,-0.16499999999999204
809,2023-06-06T16:07:50Z,220.65,-785.0,-0.15000000000000568
810,2023-06-06T16:08:00Z,220.5,719.0,0.08250000000001023
811,2023-06-06T16:08:10Z,220.5825,-466.0,-0.12250000000000227
812,2023-06-06T16:08:20Z,220.46,-646.0,-0.11199999999999477
813,2023-06-06T16:08:30Z,220.348,1820.0,0.11699999999999022
814,2023-06-06T16:08:40Z,220.465,455.0,-0.025000000000005684
815,2023-06-06T16:08:50Z,220.44,-596.0,-0.014999999999986358
816,2023-06-06T16:09:00Z,220.425,-201.0,-0.06499999999999773
817,2023-06-06T16:09:10Z,220.36,700.0,-0.05000000000001137
818,2023-06-06T16:09:20Z,220.31,55.0,0.15109999999998536
819,2023-06-06T16:09:30Z,220.4611,-278.0,-0.0010999999999796728
820,2023-06-06T16:09:40Z,220.46,232.0,0.15789999999998372
821,2023-06-06T16:09:50Z,220.6179,-512.0,-0.022899999999992815
822,2023-06-06T16:10:00Z,220.595,-300.0,0.0049999999999954525
823,2023-06-06T16:10:10Z,220.6,335.0,0.03910000000001901
824,2023-06-06T16:10:20Z,220.6391,-919.0,-0.29410000000001446
825,2023-06-06T16:10:40Z,220.345,724.0,-0.044999999999987494
826,2023-06-06T16:10:50Z,220.3,-580.0,-0.010000000000019327
827,2023-06-06T16:11:00Z,220.29,100.0,-0.009999999999990905
828,2023-06-06T16:11:10Z,220.28,1080.0,0.014000000000010004
829,2023-06-06T16:11:20Z,220.294,-382.0,0.013799999999974943
830,2023-06-06T16:11:30Z,220.3078,355.0,0.1022000000000105
831,2023-06-06T16:11:40Z,220.41,-927.0,-0.18000000000000682
832,2023-06-06T16:11:50Z,220.23,-400.0,0.020000000000010232
833,2023-06-06T16:12:00Z,220.25,-400.0,0.05000000000001137
834,2023-06-06T16:12:10Z,220.3,233.0,0.01999999999998181
835,2023-06-06T16:12:20Z,220.32,286.0,0.05150000000000432
836,2023-06-06T16:12:30Z,220.3715,843.0,0.10030000000000427
837,2023-06-06T16:12:40Z,220.4718,-535.0,-0.07179999999999609
838,2023-06-06T16:12:50Z,220.4,-405.0,0.03100000000000591
839,2023-06-06T16:13:00Z,220.431,-452.0,-0.18600000000000705
840,2023-06-06T16:13:10Z,220.245,200.0,0.03499999999999659
841,2023-06-06T16:13:20Z,220.28,500.0,-0.05930000000000746
842,2023-06-06T16:13:30Z,220.2207,200.0,0.054300000000012005
843,2023-06-06T16:13:40Z,220.275,210.0,0.03499999999999659
844,2023-06-06T16:13:50Z,220.31,417.0,-0.05000000000001137
845,2023-06-06T16:14:00Z,220.26,785.0,0.05000000000001137
846,2023-06-06T16:14:10Z,220.31,-867.0,0.03110000000000923
847,2023-06-06T16:14:20Z,220.3411,1.0,-0.0010000000000047748
848,2023-06-06T16:14:30Z,220.3401,196.0,0.029899999999997817
849,2023-06-06T16:14:40Z,220.37,480.0,-0.09000000000000341
850,2023-06-06T16:14:50Z,220.28,650.0,-0.13820000000001187
851,2023-06-06T16:15:00Z,220.1418,-901.0,-0.02179999999998472
852,2023-06-06T16:15:10Z,220.12,390.0,0.01999999999998181
853,2023-06-06T16:15:20Z,220.14,20.0,0.10510000000002151
854,2023-06-06T16:15:30Z,220.2451,742.0,0.3848999999999876
855,2023-06-06T16:15:40Z,220.63,-391.0,0.009900000000016007
856,2023-06-06T16:15:50Z,220.6399,-815.0,-0.19990000000001373
857,2023-06-06T16:16:00Z,220.44,-1485.0,-0.00010000000000331966
858,2023-06-06T16:16:10Z,220.4399,-650.0,-0.099899999999991
859,2023-06-06T16:16:20Z,220.34,-501.0,-0.04429999999999268
860,2023-06-06T16:16:40Z,220.2957,253.0,0.0257000000000005
861,2023-06-06T16:16:50Z,220.3214,629.0,0.03449999999997999
862,2023-06-06T16:17:00Z,220.3559,253.0,-0.04589999999998895
863,2023-06-06T16:17:20Z,220.31,-148.0,-0.060000000000002274
864,2023-06-06T16:17:30Z,220.25,53.0,-0.020000000000010232
865,2023-06-06T16:17:40Z,220.23,100.0,0.09000000000000341
866,2023-06-06T16:17:50Z,220.32,616.0,0.040000000000020464
867,2023-06-06T16:18:00Z,220.36,333.0,0.03499999999999659
868,2023-06-06T16:18:10Z,220.395,-1499.0,-0.07500000000001705
869,2023-06-06T16:18:20Z,220.32,100.0,-0.07499999999998863
870,2023-06-06T16:18:30Z,220.245,336.0,-0.03480000000001837
871,2023-06-06T16:18:40Z,220.2102,832.0,0.20970000000002642
872,2023-06-06T16:18:50Z,220.4199,-801.0,-0.059899999999998954
873,2023-06-06T16:19:00Z,220.36,-155.0,0.09729999999998995
874,2023-06-06T16:19:10Z,220.4573,819.0,0.1706000000000074
875,2023-06-06T16:19:20Z,220.6279,160.0,0.03709999999998104
876,2023-06-06T16:19:30Z,220.665,-849.0,-0.03489999999999327
877,2023-06-06T16:19:40Z,220.6301,-850.0,0.024900000000002365
878,2023-06-06T16:19:50Z,220.655,137.0,0.10439999999999827
879,2023-06-06T16:20:00Z,220.7594,379.0,-0.08940000000001191
880,2023-06-06T16:20:10Z,220.67,1.0,0.040000000000020464
881,2023-06-06T16:20:20Z,220.71,-371.0,-0.12800000000001432
882,2023-06-06T16:20:30Z,220.582,512.0,0.04429999999999268
883,2023-06-06T16:20:40Z,220.6263,757.0,0.013700000000000045
884,2023-06-06T16:20:50Z,220.64,-250.0,0.09000000000000341
885,2023-06-06T16:21:00Z,220.73,-449.0,-0.07499999999998863
886,2023-06-06T16:21:20Z,220.655,480.0,0.020000000000010232
887,2023-06-06T16:21:30Z,220.675,154.0,0.012199999999978672
888,2023-06-06T16:21:40Z,220.6872,-335.0,-0.046899999999993724
889,2023-06-06T16:21:50Z,220.6403,-228.0,-0.010300000000000864
890,2023-06-06T16:22:00Z,220.63,-426.0,-0.07990000000000919
891,2023-06-06T16:22:10Z,220.5501,-617.0,-0.11009999999998854
892,2023-06-06T16:22:20Z,220.44,-350.0,-0.11570000000000391
893,2023-06-06T16:22:30Z,220.3243,49.0,0.105700000000013
894,2023-06-06T16:22:40Z,220.43,-300.0,0.04999999999998295
895,2023-06-06T16:22:50Z,220.48,784.0,0.005000000000023874
896,2023-06-06T16:23:00Z,220.485,-756.0,-0.025000000000005684
897,2023-06-06T16:23:10Z,220.46,-407.0,-0.010099999999994225
898,2023-06-06T16:23:20Z,220.4499,-533.0,-0.02990000000002624
899,2023-06-06T16:23:30Z,220.42,883.0,-0.10889999999997713
900,2023-06-06T16:23:40Z,220.3111,300.0,-0.07110000000000127
901,2023-06-06T16:23:50Z,220.24,-776.0,0.029899999999997817
902,2023-06-06T16:24:00Z,220.2699,-391.0,0.10659999999998604
903,2023-06-06T16:24:10Z,220.3765,-530.0,0.0636000000000081
904,2023-06-06T16:24:20Z,220.4401,398.0,-0.06370000000001141
905,2023-06-06T16:24:30Z,220.3764,48.0,0.03180000000000405
906,2023-06-06T16:24:40Z,220.4082,-682.0,0.02030000000002019
907,2023-06-06T16:24:50Z,220.4285,-197.0,-0.026700000000005275
908,2023-06-06T16:25:00Z,220.4018,-692.0,-0.00380000000001246
909,2023-06-06T16:25:10Z,220.398,890.0,0.07120000000000459
910,2023-06-06T16:25:20Z,220.4692,-566.0,0.0024999999999977263
911,2023-06-06T16:25:30Z,220.4717,112.0,-0.001599999999996271
912,2023-06-06T16:25:40Z,220.4701,-101.0,0.029899999999997817
913,2023-06-06T16:25:50Z,220.5,100.0,0.014999999999986358
914,2023-06-06T16:26:00Z,220.515,-475.0,0.06500000000002615
915,2023-06-06T16:26:10Z,220.58,-1264.0,0.03649999999998954
916,2023-06-06T16:26:20Z,220.6165,-430.0,-0.06450000000000955
917,2023-06-06T16:26:30Z,220.552,450.0,0.06800000000001205
918,2023-06-06T16:26:40Z,220.62,-487.0,0.03499999999999659
919,2023-06-06T16:26:50Z,220.655,520.0,0.025000000000005684
920,2023-06-06T16:27:00Z,220.68,-202.0,-0.08799999999999386
921,2023-06-06T16:27:10Z,220.592,600.0,0.012999999999976808
922,2023-06-06T16:27:20Z,220.605,544.0,0.03499999999999659
923,2023-06-06T16:27:30Z,220.64,-528.0,0.010000000000019327
924,2023-06-06T16:27:40Z,220.65,-197.0,-0.030000000000001137
925,2023-06-06T16:27:50Z,220.62,-238.0,0.033999999999991815
926,2023-06-06T16:28:00Z,220.654,223.0,-0.003999999999990678
927,2023-06-06T16:28:20Z,220.65,183.0,0.04999999999998295
928,2023-06-06T16:28:30Z,220.7,-836.0,0.010000000000019327
929,2023-06-06T16:28:40Z,220.71,-32800.0,-0.01500000000001478
930,2023-06-06T16:28:50Z,220.695,-689.0,-0.06510000000000105
931,2023-06-06T16:29:00Z,220.6299,-100.0,0.030100000000004457
932,2023-06-06T16:29:10Z,220.66,-57.0,0.2650000000000148
933,2023-06-06T16:29:20Z,220.925,-1024.0,-0.07500000000001705
934,2023-06-06T16:29:30Z,220.85,-791.0,-0.19729999999998427
935,2023-06-06T16:29:40Z,220.6527,450.0,0.06729999999998881
936,2023-06-06T16:29:50Z,220.72,-379.0,0.03999999999999204
937,2023-06-06T16:30:00Z,220.76,188.0,-0.1799999999999784
938,2023-06-06T16:30:10Z,220.58,531.0,0.12999999999999545
939,2023-06-06T16:30:20Z,220.71,888.0,0.1377999999999986
940,2023-06-06T16:30:30Z,220.8478,-987.0,-0.052800000000019054
941,2023-06-06T16:30:40Z,220.795,-275.0,-0.041299999999978354
942,2023-06-06T16:31:00Z,220.7537,446.0,-0.04370000000000118
943,2023-06-06T16:31:10Z,220.71,-28.0,-0.016199999999997772
944,2023-06-06T16:31:20Z,220.6938,-100.0,-0.12380000000001701
945,2023-06-06T16:31:30Z,220.57,-700.0,-0.030000000000001137
946,2023-06-06T16:31:40Z,220.54,200.0,0.15000000000000568
947,2023-06-06T16:32:00Z,220.69,539.0,-0.044999999999987494
948,2023-06-06T16:32:10Z,220.645,220.0,0.0
949,2023-06-06T16:32:20Z,220.645,-701.0,-0.17490000000000805
950,2023-06-06T16:32:30Z,220.4701,586.0,-0.0030999999999892225
951,2023-06-06T16:32:50Z,220.467,-56.0,0.09329999999999927
952,2023-06-06T16:33:00Z,220.5603,218.0,-0.010300000000000864
953,2023-06-06T16:33:10Z,220.55,-464.0,-0.15059999999999718
954,2023-06-06T16:33:20Z,220.3994,300.0,0.16059999999998809
955,2023-06-06T16:33:30Z,220.56,-500.0,-0.020000000000010232
956,2023-06-06T16:33:40Z,220.54,118.0,0.009700000000009368
957,2023-06-06T16:33:50Z,220.5497,100.0,0.06030000000001223
958,2023-06-06T16:34:10Z,220.61,-372.0,-0.12340000000000373
959,2023-06-06T16:34:20Z,220.4866,-50.0,-0.04660000000001219
960,2023-06-06T16:34:30Z,220.44,-575.0,-0.09499999999999886
961,2023-06-06T16:34:40Z,220.345,-571.0,0.03999999999999204
962,2023-06-06T16:34:50Z,220.385,458.0,-0.03999999999999204
963,2023-06-06T16:35:00Z,220.345,82.0,-0.007000000000005002
964,2023-06-06T16:35:10Z,220.338,-516.0,-0.16960000000000264
965,2023-06-06T16:35:30Z,220.1684,153.0,-0.048499999999989996
966,2023-06-06T16:35:40Z,220.1199,-549.0,0.09010000000000673
967,2023-06-06T16:35:50Z,220.21,237.0,-0.025000000000005684
968,2023-06-06T16:36:00Z,220.185,-185.0,-0.16499999999999204
969,2023-06-06T16:36:10Z,220.02,-504.0,-0.407100000000014
970,2023-06-06T16:36:30Z,219.6129,355.0,0.11719999999999686
971,2023-06-06T16:36:40Z,219.7301,-100.0,-0.02009999999998513
972,2023-06-06T16:36:50Z,219.71,-1300.0,-0.04990000000000805
973,2023-06-06T16:37:00Z,219.6601,-682.0,-0.18139999999999645
974,2023-06-06T16:37:10Z,219.4787,-152.0,-0.04390000000000782
975,2023-06-06T16:37:20Z,219.4348,-427.0,-0.11480000000000246
976,2023-06-06T16:37:30Z,219.32,-600.0,-0.010099999999994225
977,2023-06-06T16:37:40Z,219.3099,211.0,0.02010000000001355
978,2023-06-06T16:37:50Z,219.33,-400.0,0.08199999999999363
979,2023-06-06T16:38:00Z,219.412,-834.0,-0.02200000000001978
980,2023-06-06T16:38:10Z,219.39,424.0,0.12570000000002324
981,2023-06-06T16:38:20Z,219.5157,-9187.0,0.07429999999999382
982,2023-06-06T16:38:30Z,219.59,-554.0,-0.02010000000001355
983,2023-06-06T16:38:40Z,219.5699,1080.0,-0.11679999999998358
984,2023-06-06T16:38:50Z,219.4531,495.0,-0.10300000000000864
985,2023-06-06T16:39:00Z,219.3501,679.0,0.09489999999999554
986,2023-06-06T16:39:10Z,219.445,-451.0,-0.2948999999999842
987,2023-06-06T16:39:30Z,219.1501,-900.0,0.14999999999997726
988,2023-06-06T16:39:40Z,219.3001,741.0,0.09990000000001942
989,2023-06-06T16:39:50Z,219.4,-650.0,-0.019900000000006912
990,2023-06-06T16:40:00Z,219.3801,530.0,-0.14009999999998968
991,2023-06-06T16:40:10Z,219.24,-600.0,-0.001599999999996271
992,2023-06-06T16:40:20Z,219.2384,-349.0,-0.15890000000001692
993,2023-06-06T16:40:30Z,219.0795,-400.0,0.05000000000001137
994,2023-06-06T16:40:40Z,219.1295,368.0,0.04769999999999186
995,2023-06-06T16:40:50Z,219.1772,-1033.0,-0.11670000000000869
996,2023-06-06T16:41:00Z,219.0605,-981.0,0.07949999999999591
997,2023-06-06T16:41:10Z,219.14,-1086.0,-0.01999999999998181
998,2023-06-06T16:41:20Z,219.12,-749.0,-0.2849999999999966
999,2023-06-06T16:41:30Z,218.835,-649.0,-0.1442000000000121
1000,2023-06-06T16:41:40Z,218.6908,830.0,-0.0007999999999981355
1001,2023-06-06T16:41:50Z,218.69,531.0,0.09309999999999263
1002,2023-06-06T16:42:00Z,218.7831,-132.0,-0.11299999999999955
1003,2023-06-06T16:42:10Z,218.6701,610.0,0.22849999999999682
1004,2023-06-06T16:42:30Z,218.8986,1091.0,0.25140000000001805
1005,2023-06-06T16:42:40Z,219.15,-200.0,-0.03880000000000905
1006,2023-06-06T16:42:50Z,219.1112,558.0,0.017500000000012506
1007,2023-06-06T16:43:00Z,219.1287,-100.0,-0.008800000000007913
1008,2023-06-06T16:43:10Z,219.1199,-310.0,0.06389999999998963
1009,2023-06-06T16:43:20Z,219.1838,-898.0,-0.04370000000000118
1010,2023-06-06T16:43:30Z,219.1401,798.0,0.20620000000002392
1011,2023-06-06T16:43:40Z,219.3463,-908.0,0.06369999999998299
1012,2023-06-06T16:43:50Z,219.41,-192.0,0.015600000000006276
1013,2023-06-06T16:44:00Z,219.4256,655.0,0.014399999999994861
1014,2023-06-06T16:44:10Z,219.44,-1027.0,-0.06999999999999318
1015,2023-06-06T16:44:20Z,219.37,450.0,-0.05500000000000682
1016,2023-06-06T16:44:30Z,219.315,368.0,0.1349999999999909
1017,2023-06-06T16:44:40Z,219.45,-1000.0,-0.07979999999997744
1018,2023-06-06T16:45:00Z,219.3702,1127.0,0.029799999999994498
1019,2023-06-06T16:45:10Z,219.4,-400.0,0.00010000000000331966
1020,2023-06-06T16:45:20Z,219.4001,100.0,0.08990000000000009
1021,2023-06-06T16:45:30Z,219.49,-2300.0,0.044999999999987494
1022,2023-06-06T16:45:40Z,219.535,-748.0,-0.15670000000000073
1023,2023-06-06T16:45:50Z,219.3783,450.0,0.091700000000003
1024,2023-06-06T16:46:00Z,219.47,329.0,0.10880000000000223
1025,2023-06-06T16:46:10Z,219.5788,-687.0,0.12319999999999709
1026,2023-06-06T16:46:20Z,219.702,-900.0,0.022600000000011278
1027,2023-06-06T16:46:30Z,219.7246,100.0,-0.03460000000001173
1028,2023-06-06T16:46:40Z,219.69,550.0,-0.029200000000003
1029,2023-06-06T16:46:50Z,219.6608,-311.0,0.05920000000000414
1030,2023-06-06T16:47:00Z,219.72,-700.0,-0.109800000000007
1031,2023-06-06T16:47:10Z,219.6102,-178.0,-0.03839999999999577
1032,2023-06-06T16:47:20Z,219.5718,623.0,0.03820000000001755
1033,2023-06-06T16:47:30Z,219.61,-400.0,0.04989999999997963
1034,2023-06-06T16:47:40Z,219.6599,-350.0,-0.009899999999987585
1035,2023-06-06T16:47:50Z,219.65,-300.0,-0.04449999999999932
1036,2023-06-06T16:48:00Z,219.6055,3.0,-0.030500000000017735
1037,2023-06-06T16:48:10Z,219.575,-1070.0,-0.27369999999999095
1038,2023-06-06T16:48:30Z,219.3013,-1068.0,-0.4912999999999954
1039,2023-06-06T16:48:40Z,218.81,-931.0,0.044999999999987494
1040,2023-06-06T16:49:00Z,218.855,-641.0,-0.07489999999998531
1041,2023-06-06T16:49:30Z,218.7801,247.0,-0.05020000000001801
1042,2023-06-06T16:49:40Z,218.7299,-280.0,-0.2078999999999951
1043,2023-06-06T16:49:50Z,218.522,-601.0,-0.2009999999999934
1044,2023-06-06T16:50:00Z,218.321,540.0,-0.01099999999999568
1045,2023-06-06T16:50:10Z,218.31,-435.0,-0.2980000000000018
1046,2023-06-06T16:50:20Z,218.012,803.0,0.136099999999999
1047,2023-06-06T16:50:40Z,218.1481,-197.0,0.16190000000000282
1048,2023-06-06T16:50:50Z,218.31,-314.0,0.060000000000002274
1049,2023-06-06T16:51:00Z,218.37,600.0,-0.0800000000000125
1050,2023-06-06T16:51:10Z,218.29,100.0,0.01500000000001478
1051,2023-06-06T16:51:20Z,218.305,-100.0,0.15500000000000114
1052,2023-06-06T16:51:30Z,218.46,-425.0,0.028599999999983083
1053,2023-06-06T16:51:40Z,218.4886,-200.0,0.12130000000001928
1054,2023-06-06T16:51:50Z,218.6099,244.0,0.00010000000000331966
1055,2023-06-06T16:52:00Z,218.61,-665.0,0.007699999999999818
1056,2023-06-06T16:52:10Z,218.6177,-195.0,-0.0327000000000055
1057,2023-06-06T16:52:20Z,218.585,-340.0,-0.024699999999995725
1058,2023-06-06T16:52:30Z,218.5603,241.0,-0.11120000000002506
1059,2023-06-06T16:52:40Z,218.4491,76.0,0.04090000000002192
1060,2023-06-06T16:52:50Z,218.49,1696.0,0.11009999999998854
1061,2023-06-06T16:53:00Z,218.6001,100.0,0.06810000000001537
1062,2023-06-06T16:53:10Z,218.6682,693.0,0.08679999999998245
1063,2023-06-06T16:53:20Z,218.755,-307.0,0.037700000000000955
1064,2023-06-06T16:53:30Z,218.7927,22.0,-0.07269999999999754
1065,2023-06-06T16:53:40Z,218.72,102.0,0.009999999999990905
1066,2023-06-06T16:53:50Z,218.73,174.0,0.028500000000008185
1067,2023-06-06T16:54:00Z,218.7585,456.0,-0.01849999999998886
1068,2023-06-06T16:54:10Z,218.74,-803.0,-0.060000000000002274
1069,2023-06-06T16:54:20Z,218.68,-604.0,-0.040000000000020464
1070,2023-06-06T16:54:30Z,218.64,100.0,-0.04449999999999932
1071,2023-06-06T16:54:40Z,218.5955,-600.0,-0.0438999999999794
1072,2023-06-06T16:54:50Z,218.5516,-500.0,0.09829999999999472
1073,2023-06-06T16:55:00Z,218.6499,-600.0,0.10009999999999764
1074,2023-06-06T16:55:10Z,218.75,-500.0,-0.020000000000010232
1075,2023-06-06T16:55:20Z,218.73,200.0,-0.10499999999998977
1076,2023-06-06T16:55:30Z,218.625,-346.0,0.025100000000009004
1077,2023-06-06T16:55:40Z,218.6501,100.0,0.099899999999991
1078,2023-06-06T16:55:50Z,218.75,-1320.0,0.019900000000006912
1079,2023-06-06T16:56:00Z,218.7699,-26.0,-0.059899999999998954
1080,2023-06-06T16:56:10Z,218.71,-20.0,-0.13500000000001933
1081,2023-06-06T16:56:30Z,218.575,270.0,-0.10499999999998977
1082,2023-06-06T16:56:40Z,218.47,100.0,-0.11990000000000123
1083,2023-06-06T16:56:50Z,218.3501,-300.0,-0.045099999999990814
1084,2023-06-06T16:57:00Z,218.305,-223.0,0.046899999999993724
1085,2023-06-06T16:57:10Z,218.3519,168.0,0.06790000000000873
1086,2023-06-06T16:57:20Z,218.4198,-368.0,-0.009800000000012687
1087,2023-06-06T16:57:30Z,218.41,270.0,-0.2599999999999909
1088,2023-06-06T16:57:40Z,218.15,364.0,-0.09810000000001651
1089,2023-06-06T16:57:50Z,218.0519,683.0,-0.10179999999999723
1090,2023-06-06T16:58:00Z,217.9501,127.0,0.06510000000000105
1091,2023-06-06T16:58:10Z,218.0152,550.0,-0.0002000000000066393
1092,2023-06-06T16:58:20Z,218.015,450.0,0.16490000000001714
1093,2023-06-06T16:58:30Z,218.1799,-1650.0,-0.06989999999998986
1094,2023-06-06T16:58:40Z,218.11,-100.0,-0.15000000000000568
1095,2023-06-06T16:58:50Z,217.96,620.0,-0.010000000000019327
1096,2023-06-06T16:59:00Z,217.95,62.0,0.06499999999999773
1097,2023-06-06T16:59:10Z,218.015,758.0,-0.11109999999999332
1098,2023-06-06T16:59:20Z,217.9039,2798.0,0.016199999999997772
1099,2023-06-06T16:59:30Z,217.9201,317.0,-0.030100000000004457
1100,2023-06-06T16:59:40Z,217.89,239.0,-0.034199999999998454
1101,2023-06-06T16:59:50Z,217.8558,1.0,0.034199999999998454
1102,2023-06-06T17:00:00Z,217.89,40.0,0.14990000000000236
1103,2023-06-06T17:00:10Z,218.0399,-201.0,0.05010000000001469
1104,2023-06-06T17:00:20Z,218.09,-1040.0,-0.00190000000000623
1105,2023-06-06T17:00:30Z,218.0881,-279.0,0.14670000000000982
1106,2023-06-06T17:01:00Z,218.2348,-727.0,-0.28419999999999845
1107,2023-06-06T17:01:10Z,217.9506,2406.0,0.04939999999999145
1108,2023-06-06T17:01:20Z,218.0,489.0,0.04060000000001196
1109,2023-06-06T17:01:30Z,218.0406,-100.0,0.14939999999998577
1110,2023-06-06T17:01:40Z,218.19,-400.0,-0.06499999999999773
1111,2023-06-06T17:01:50Z,218.125,-400.0,0.014999999999986358
1112,2023-06-06T17:02:00Z,218.14,208.0,0.04010000000002378
1113,2023-06-06T17:02:10Z,218.1801,402.0,0.03989999999998872
1114,2023-06-06T17:02:20Z,218.22,-189.0,0.06499999999999773
1115,2023-06-06T17:02:30Z,218.285,-139.0,0.06499999999999773
1116,2023-06-06T17:02:40Z,218.35,216.0,-0.01999999999998181
1117,2023-06-06T17:02:50Z,218.33,-300.0,0.0
1118,2023-06-06T17:03:00Z,218.33,1380.0,0.009999999999990905
1119,2023-06-06T17:03:10Z,218.34,1555.0,0.0
1120,2023-06-06T17:03:20Z,218.34,-923.0,0.060000000000002274
1121,2023-06-06T17:03:30Z,218.4,-7696.0,0.060000000000002274
1122,2023-06-06T17:03:40Z,218.46,-271.0,0.0049999999999954525
1123,2023-06-06T17:03:50Z,218.465,-268.0,0.05500000000000682
1124,2023-06-06T17:04:00Z,218.52,-330.0,0.0
1125,2023-06-06T17:04:10Z,218.52,850.0,0.09299999999998931
1126,2023-06-06T17:04:20Z,218.613,-763.0,0.07200000000000273
1127,2023-06-06T17:04:30Z,218.685,-460.0,-0.03499999999999659
1128,2023-06-06T17:04:40Z,218.65,-187.0,0.09999999999999432
1129,2023-06-06T17:04:50Z,218.75,-850.0,-0.06989999999998986
1130,2023-06-06T17:05:10Z,218.6801,360.0,-0.06010000000000559
1131,2023-06-06T17:05:20Z,218.62,-390.0,0.03999999999999204
1132,2023-06-06T17:05:30Z,218.66,514.0,-0.04999999999998295
1133,2023-06-06T17:05:40Z,218.61,-512.0,0.01999999999998181
1134,2023-06-06T17:05:50Z,218.63,101.0,0.12000000000000455
1135,2023-06-06T17:06:00Z,218.75,-279.0,-0.11930000000000973
1136,2023-06-06T17:06:10Z,218.6307,475.0,0.10930000000001883
1137,2023-06-06T17:06:20Z,218.74,-5100.0,0.0
1138,2023-06-06T17:06:30Z,218.74,-500.0,0.03999999999999204
1139,2023-06-06T17:06:40Z,218.78,77.0,0.0800000000000125
1140,2023-06-06T17:06:50Z,218.86,-600.0,-0.030000000000001137
1141,2023-06-06T17:07:00Z,218.83,-409.0,0.08990000000000009
1142,2023-06-06T17:07:10Z,218.9199,-539.0,-0.0014000000000180535
1143,2023-06-06T17:07:20Z,218.9185,491.0,0.0014999999999929514
1144,2023-06-06T17:07:40Z,218.92,-38.0,-0.0049999999999954525
1145,2023-06-06T17:07:50Z,218.915,510.0,0.036000000000001364
1146,2023-06-06T17:08:00Z,218.951,700.0,-0.015299999999996317
1147,2023-06-06T17:08:10Z,218.9357,400.0,0.05389999999999873
1148,2023-06-06T17:08:20Z,218.9896,115.0,-0.009700000000009368
1149,2023-06-06T17:08:30Z,218.9799,100.0,-0.03989999999998872
1150,2023-06-06T17:08:50Z,218.94,701.0,0.004799999999988813
1151,2023-06-06T17:09:00Z,218.9448,-438.0,-0.024799999999999045
1152,2023-06-06T17:09:10Z,218.92,101.0,0.15000000000000568
1153,2023-06-06T17:09:20Z,219.07,910.0,0.010000000000019327
1154,2023-06-06T17:09:30Z,219.08,-300.0,-0.09000000000000341
1155,2023-06-06T17:09:40Z,218.99,-227.0,-0.0887000000000171
1156,2023-06-06T17:09:50Z,218.9013,900.0,0.03870000000000573
1157,2023-06-06T17:10:00Z,218.94,69.0,-0.099899999999991
1158,2023-06-06T17:10:10Z,218.8401,500.0,0.008700000000004593
1159,2023-06-06T17:10:20Z,218.8488,-614.0,0.07620000000000005
1160,2023-06-06T17:10:30Z,218.925,-315.0,0.1349999999999909
1161,2023-06-06T17:10:40Z,219.06,-906.0,0.060000000000002274
1162,2023-06-06T17:10:50Z,219.12,1135.0,0.06999999999999318
1163,2023-06-06T17:11:00Z,219.19,1350.0,0.10380000000000678
1164,2023-06-06T17:11:10Z,219.2938,931.0,0.028899999999993042
1165,2023-06-06T17:11:20Z,219.3227,-93.0,0.06729999999998881
1166,2023-06-06T17:11:40Z,219.39,626.0,-0.01989999999997849
1167,2023-06-06T17:11:50Z,219.3701,628.0,0.059899999999998954
1168,2023-06-06T17:12:00Z,219.43,-66.0,0.030000000000001137
1169,2023-06-06T17:12:10Z,219.46,-128.0,-0.09999999999999432
1170,2023-06-06T17:12:20Z,219.36,-626.0,-0.09000000000000341
1171,2023-06-06T17:12:30Z,219.27,338.0,0.030000000000001137
1172,2023-06-06T17:12:50Z,219.3,70.0,0.07999999999998408
1173,2023-06-06T17:13:00Z,219.38,212.0,-0.07269999999999754
1174,2023-06-06T17:13:10Z,219.3073,460.0,0.07269999999999754
1175,2023-06-06T17:13:20Z,219.38,69.0,0.009999999999990905
1176,2023-06-06T17:13:30Z,219.39,-265.0,-0.04999999999998295
1177,2023-06-06T17:13:40Z,219.34,398.0,0.020000000000010232
1178,2023-06-06T17:13:50Z,219.36,-714.0,-0.010000000000019327
1179,2023-06-06T17:14:00Z,219.35,141.0,0.06499999999999773
1180,2023-06-06T17:14:10Z,219.415,341.0,0.22499999999999432
1181,2023-06-06T17:14:20Z,219.64,-831.0,-0.029899999999997817
1182,2023-06-06T17:14:30Z,219.6101,703.0,0.04990000000000805
1183,2023-06-06T17:14:40Z,219.66,918.0,0.0049999999999954525
1184,2023-06-06T17:14:50Z,219.665,-118.0,-0.0549000000000035
1185,2023-06-06T17:15:10Z,219.6101,438.0,-0.019099999999980355
1186,2023-06-06T17:15:20Z,219.591,-491.0,-0.03100000000000591
1187,2023-06-06T17:15:30Z,219.56,-245.0,0.07999999999998408
1188,2023-06-06T17:15:40Z,219.64,-100.0,0.011500000000012278
1189,2023-06-06T17:15:50Z,219.6515,702.0,0.027899999999988268
1190,2023-06-06T17:16:00Z,219.6794,-445.0,-0.06939999999997326
1191,2023-06-06T17:16:10Z,219.61,158.0,-0.020000000000010232
1192,2023-06-06T17:16:20Z,219.59,-208.0,0.03999999999999204
1193,2023-06-06T17:16:30Z,219.63,-1055.0,-0.014999999999986358
1194,2023-06-06T17:16:50Z,219.615,-88.0,-0.06499999999999773
1195,2023-06-06T17:17:00Z,219.55,-375.0,-0.14000000000001478
1196,2023-06-06T17:17:10Z,219.41,-684.0,0.0724999999999909
1197,2023-06-06T17:17:40Z,219.4825,-359.0,0.0075000000000216005
1198,2023-06-06T17:17:50Z,219.49,-650.0,-0.08150000000000546
1199,2023-06-06T17:18:10Z,219.4085,1200.0,-0.15850000000000364
1200,2023-06-06T17:18:30Z,219.25,542.0,0.05000000000001137
1201,2023-06-06T17:18:40Z,219.3,-26.0,0.03999999999999204
1202,2023-06-06T17:18:50Z,219.34,245.0,0.10999999999998522
1203,2023-06-06T17:19:00Z,219.45,1600.0,0.0636000000000081
1204,2023-06-06T17:19:10Z,219.5136,282.0,0.11639999999999873
1205,2023-06-06T17:19:20Z,219.63,-821.0,-0.029899999999997817
1206,2023-06-06T17:19:30Z,219.6001,100.0,0.04990000000000805
1207,2023-06-06T17:19:50Z,219.65,-432.0,-0.02020000000001687
1208,2023-06-06T17:20:00Z,219.6298,-311.0,-0.16979999999998086
1209,2023-06-06T17:20:10Z,219.46,228.0,0.10499999999998977
1210,2023-06-06T17:20:20Z,219.565,100.0,0.060000000000002274
1211,2023-06-06T17:20:30Z,219.625,500.0,0.09499999999999886
1212,2023-06-06T17:20:40Z,219.72,700.0,0.24500000000000455
1213,2023-06-06T17:20:50Z,219.965,795.0,0.3125
1214,2023-06-06T17:21:00Z,220.2775,300.0,0.08250000000001023
1215,2023-06-06T17:21:10Z,220.36,-1157.0,-0.12000000000000455
1216,2023-06-06T17:21:20Z,220.24,42.0,0.009999999999990905
1217,2023-06-06T17:21:30Z,220.25,-417.0,-0.09399999999999409
1218,2023-06-06T17:21:40Z,220.156,867.0,0.022999999999996135
1219,2023-06-06T17:21:50Z,220.179,-100.0,-0.028999999999996362
1220,2023-06-06T17:22:00Z,220.15,-213.0,0.07649999999998158
1221,2023-06-06T17:22:10Z,220.2265,-441.0,-0.3164999999999907
1222,2023-06-06T17:22:20Z,219.91,424.0,0.10599999999999454
1223,2023-06-06T17:22:30Z,220.016,101.0,-0.025999999999982037
1224,2023-06-06T17:22:40Z,219.99,-613.0,-0.09000000000000341
1225,2023-06-06T17:22:50Z,219.9,256.0,-0.05000000000001137
1226,2023-06-06T17:23:00Z,219.85,326.0,0.010099999999994225
1227,2023-06-06T17:23:10Z,219.8601,-388.0,0.059899999999998954
1228,2023-06-06T17:23:20Z,219.92,-416.0,-0.10790000000000077
1229,2023-06-06T17:23:30Z,219.8121,126.0,-0.1255999999999915
1230,2023-06-06T17:23:50Z,219.6865,1462.0,0.2634999999999934
1231,2023-06-06T17:24:10Z,219.95,101.0,-0.06999999999999318
1232,2023-06-06T17:24:20Z,219.88,336.0,0.06499999999999773
1233,2023-06-06T17:24:40Z,219.945,-100.0,-0.048900000000003274
1234,2023-06-06T17:24:50Z,219.8961,-650.0,-0.03109999999998081
1235,2023-06-06T17:25:00Z,219.865,-350.0,-0.01830000000001064
1236,2023-06-06T17:25:10Z,219.8467,574.0,-0.216700000000003
1237,2023-06-06T17:25:20Z,219.63,-29.0,0.12000000000000455
1238,2023-06-06T17:25:30Z,219.75,270.0,0.08729999999999905
1239,2023-06-06T17:25:40Z,219.8373,-550.0,-0.462600000000009
1240,2023-06-06T17:25:50Z,219.3747,-325.0,0.09030000000001337
1241,2023-06-06T17:26:00Z,219.465,143.0,0.17499999999998295
1242,2023-06-06T17:26:10Z,219.64,-150.0,-0.029999999999972715
1243,2023-06-06T17:26:20Z,219.61,216.0,-0.15000000000000568
1244,2023-06-06T17:26:50Z,219.46,320.0,-0.05690000000001305
1245,2023-06-06T17:27:00Z,219.4031,328.0,0.08990000000000009
1246,2023-06-06T17:27:10Z,219.493,-410.0,-0.0730000000000075
1247,2023-06-06T17:27:20Z,219.42,138.0,0.06500000000002615
1248,2023-06-06T17:27:30Z,219.485,-100.0,-0.09680000000000177
1249,2023-06-06T17:27:40Z,219.3882,56.0,0.12179999999997904
1250,2023-06-06T17:27:50Z,219.51,156.0,0.030000000000001137
1251,2023-06-06T17:28:00Z,219.54,101.0,-0.060000000000002274
1252,2023-06-06T17:28:10Z,219.48,337.0,0.0800000000000125
1253,2023-06-06T17:28:20Z,219.56,-312.0,0.03999999999999204
1254,2023-06-06T17:28:30Z,219.6,404.0,0.060000000000002274
1255,2023-06-06T17:28:40Z,219.66,-139.0,0.010099999999994225
1256,2023-06-06T17:28:50Z,219.6701,80.0,0.026499999999998636
1257,2023-06-06T17:29:00Z,219.6966,-492.0,0.07340000000002078
1258,2023-06-06T17:29:10Z,219.77,-500.0,0.01999999999998181
1259,2023-06-06T17:29:20Z,219.79,1303.0,0.08129999999999882
1260,2023-06-06T17:29:30Z,219.8713,-896.0,-0.1413000000000011
1261,2023-06-06T17:29:40Z,219.73,-45.0,0.040000000000020464
1262,2023-06-06T17:29:50Z,219.77,-160.0,0.027699999999981628
1263,2023-06-06T17:30:00Z,219.7977,-1051.0,0.02729999999999677
1264,2023-06-06T17:30:10Z,219.825,0.0,-0.0049999999999954525
1265,2023-06-06T17:30:20Z,219.82,172.0,-0.02189999999998804
1266,2023-06-06T17:30:40Z,219.7981,101.0,0.04949999999999477
1267,2023-06-06T17:31:00Z,219.8476,49.0,0.012300000000010414
1268,2023-06-06T17:31:10Z,219.8599,-1573.0,-0.039800000000013824
1269,2023-06-06T17:31:30Z,219.8201,384.0,0.04990000000000805
1270,2023-06-06T17:31:40Z,219.87,18.0,-0.01500000000001478
1271,2023-06-06T17:31:50Z,219.855,-100.0,0.020000000000010232
1272,2023-06-06T17:32:00Z,219.875,-173.0,-0.2150000000000034
1273,2023-06-06T17:32:10Z,219.66,-542.0,-0.030100000000004457
1274,2023-06-06T17:32:20Z,219.6299,-457.0,0.02010000000001355
1275,2023-06-06T17:32:30Z,219.65,497.0,0.12000000000000455
1276,2023-06-06T17:32:50Z,219.77,1077.0,0.04989999999997963
1277,2023-06-06T17:33:00Z,219.8199,-197.0,-0.023200000000002774
1278,2023-06-06T17:33:10Z,219.7967,-900.0,-0.026799999999980173
1279,2023-06-06T17:33:20Z,219.7699,522.0,0.05519999999998504
1280,2023-06-06T17:33:30Z,219.8251,-102.0,0.01490000000001146
1281,2023-06-06T17:33:40Z,219.84,-4050.0,0.03499999999999659
1282,2023-06-06T17:33:50Z,219.875,56.0,0.004799999999988813
1283,2023-06-06T17:34:00Z,219.8798,501.0,0.04970000000000141
1284,2023-06-06T17:34:10Z,219.9295,330.0,0.10050000000001091
1285,2023-06-06T17:34:30Z,220.03,-801.0,-0.09000000000000341
1286,2023-06-06T17:34:40Z,219.94,-596.0,0.03999999999999204
1287,2023-06-06T17:34:50Z,219.98,23.0,-0.009999999999990905
1288,2023-06-06T17:35:00Z,219.97,473.0,-0.1016999999999939
1289,2023-06-06T17:35:10Z,219.8683,3.0,-0.022700000000014597
1290,2023-06-06T17:35:20Z,219.8456,-757.0,-0.005599999999986949
1291,2023-06-06T17:35:30Z,219.84,525.0,-0.009999999999990905
1292,2023-06-06T17:35:40Z,219.83,-605.0,-0.10000000000002274
1293,2023-06-06T17:35:50Z,219.73,-300.0,0.10500000000001819
1294,2023-06-06T17:36:00Z,219.835,161.0,0.1349999999999909
1295,2023-06-06T17:36:20Z,219.97,-601.0,-0.10820000000001073
1296,2023-06-06T17:36:30Z,219.8618,250.0,0.10320000000001528
1297,2023-06-06T17:36:40Z,219.965,511.0,0.0049999999999954525
1298,2023-06-06T17:36:50Z,219.97,-399.0,-0.010099999999994225
1299,2023-06-06T17:37:00Z,219.9599,-400.0,0.07909999999998263
1300,2023-06-06T17:37:10Z,220.039,-510.0,0.0010000000000047748
1301,2023-06-06T17:37:20Z,220.04,-500.0,0.0700000000000216
1302,2023-06-06T17:37:30Z,220.11,-1474.0,-0.10000000000002274
1303,2023-06-06T17:37:40Z,220.01,1093.0,-0.028999999999996362
1304,2023-06-06T17:38:00Z,219.981,400.0,-0.047100000000000364
1305,2023-06-06T17:38:10Z,219.9339,-189.0,0.11610000000001719
1306,2023-06-06T17:38:20Z,220.05,-900.0,0.01999999999998181
1307,2023-06-06T17:38:30Z,220.07,652.0,0.009900000000016007
1308,2023-06-06T17:38:40Z,220.0799,62.0,0.010099999999994225
1309,2023-06-06T17:38:50Z,220.09,-2768.0,0.054200000000008686
1310,2023-06-06T17:39:10Z,220.1442,1716.0,-0.04920000000001323
1311,2023-06-06T17:39:20Z,220.095,-100.0,0.044999999999987494
1312,2023-06-06T17:39:30Z,220.14,-167.0,0.05500000000000682
1313,2023-06-06T17:39:40Z,220.195,410.0,0.025000000000005684
1314,2023-06-06T17:39:50Z,220.22,588.0,-0.009999999999990905
1315,2023-06-06T17:40:00Z,220.21,-401.0,0.01120000000000232
1316,2023-06-06T17:40:10Z,220.2212,-502.0,0.028699999999986403
1317,2023-06-06T17:40:20Z,220.2499,-241.0,0.05010000000001469
1318,2023-06-06T17:40:30Z,220.3,-1042.0,-0.11000000000001364
1319,2023-06-06T17:40:40Z,220.19,-449.0,-0.07999999999998408
1320,2023-06-06T17:40:50Z,220.11,-400.0,0.026699999999976853
1321,2023-06-06T17:41:00Z,220.1367,-1564.0,0.09329999999999927
1322,2023-06-06T17:41:10Z,220.23,458.0,-0.13360000000000127
1323,2023-06-06T17:41:20Z,220.0964,-663.0,-0.011399999999980537
1324,2023-06-06T17:41:30Z,220.085,-100.0,0.044899999999984175
1325,2023-06-06T17:41:40Z,220.1299,-367.0,0.025100000000009004
1326,2023-06-06T17:41:50Z,220.155,-100.0,0.025000000000005684
1327,2023-06-06T17:42:00Z,220.18,-422.0,0.011300000000005639
1328,2023-06-06T17:42:10Z,220.1913,-300.0,0.0070999999999799
1329,2023-06-06T17:42:20Z,220.1984,422.0,-0.1383999999999901
1330,2023-06-06T17:42:30Z,220.06,-19.0,0.030000000000001137
1331,2023-06-06T17:42:40Z,220.09,333.0,0.030000000000001137
1332,2023-06-06T17:42:50Z,220.12,174.0,0.030000000000001137
1333,2023-06-06T17:43:00Z,220.15,-801.0,-0.020000000000010232
1334,2023-06-06T17:43:10Z,220.13,130.0,0.028999999999996362
1335,2023-06-06T17:43:20Z,220.159,-401.0,0.021000000000015007
1336,2023-06-06T17:43:30Z,220.18,-522.0,-0.025000000000005684
1337,2023-06-06T17:43:40Z,220.155,-222.0,0.025000000000005684
1338,2023-06-06T17:43:50Z,220.18,-400.0,0.01999999999998181
1339,2023-06-06T17:44:10Z,220.2,-3153.0,-0.009799999999984266
1340,2023-06-06T17:44:20Z,220.1902,-3753.0,0.0397999999999854
1341,2023-06-06T17:44:30Z,220.23,100.0,0.0
1342,2023-06-06T17:44:40Z,220.23,670.0,-0.06709999999998217
1343,2023-06-06T17:44:50Z,220.1629,-852.0,-0.05289999999999395
1344,2023-06-06T17:45:00Z,220.11,-309.0,-0.030000000000001137
1345,2023-06-06T17:45:10Z,220.08,-3200.0,0.04999999999998295
1346,2023-06-06T17:45:20Z,220.13,340.0,0.03999999999999204
1347,2023-06-06T17:45:30Z,220.17,179.0,0.061599999999998545
1348,2023-06-06T17:45:40Z,220.2316,620.0,0.05830000000000268
1349,2023-06-06T17:45:50Z,220.2899,150.0,-0.009899999999987585
1350,2023-06-06T17:46:00Z,220.28,0.0,-0.11170000000001323
1351,2023-06-06T17:46:10Z,220.1683,503.0,0.03170000000000073
1352,2023-06-06T17:46:20Z,220.2,614.0,0.0800000000000125
1353,2023-06-06T17:46:30Z,220.28,-500.0,-0.017099999999999227
1354,2023-06-06T17:46:40Z,220.2629,320.0,0.007100000000008322
1355,2023-06-06T17:46:50Z,220.27,418.0,0.060000000000002274
1356,2023-06-06T17:47:00Z,220.33,144.0,0.06929999999999836
1357,2023-06-06T17:47:10Z,220.3993,-729.0,-0.019300000000015416
1358,2023-06-06T17:47:20Z,220.38,-790.0,0.03999999999999204
1359,2023-06-06T17:47:30Z,220.42,606.0,0.030000000000001137
1360,2023-06-06T17:47:40Z,220.45,-4369.0,-0.08990000000000009
1361,2023-06-06T17:47:50Z,220.3601,398.0,-0.06289999999998486
1362,2023-06-06T17:48:00Z,220.2972,524.0,-0.007100000000008322
1363,2023-06-06T17:48:10Z,220.2901,455.0,-0.02009999999998513
1364,2023-06-06T17:48:20Z,220.27,-598.0,-0.11000000000001364
1365,2023-06-06T17:48:30Z,220.16,-716.0,-0.004199999999997317
1366,2023-06-06T17:48:40Z,220.1558,20.0,0.04419999999998936
1367,2023-06-06T17:49:00Z,220.2,555.0,0.045000000000015916
1368,2023-06-06T17:49:20Z,220.245,303.0,-0.07500000000001705
1369,2023-06-06T17:49:40Z,220.17,-249.0,-0.07499999999998863
1370,2023-06-06T17:49:50Z,220.095,-114.0,-0.1150000000000091
1371,2023-06-06T17:50:00Z,219.98,-868.0,-0.01999999999998181
1372,2023-06-06T17:50:10Z,219.96,-219.0,0.10999999999998522
1373,2023-06-06T17:50:30Z,220.07,165.0,-0.06999999999999318
1374,2023-06-06T17:50:50Z,220.0,633.0,0.019000000000005457
1375,2023-06-06T17:51:00Z,220.019,150.0,-0.1490000000000009
1376,2023-06-06T17:51:10Z,219.87,-257.0,-0.15989999999999327
1377,2023-06-06T17:51:30Z,219.7101,1125.0,0.04989999999997963
1378,2023-06-06T17:51:40Z,219.76,416.0,0.010000000000019327
1379,2023-06-06T17:51:50Z,219.77,-227.0,-0.020000000000010232
1380,2023-06-06T17:52:00Z,219.75,-334.0,-0.03839999999999577
1381,2023-06-06T17:52:20Z,219.7116,-913.0,-0.002600000000001046
1382,2023-06-06T17:52:30Z,219.709,500.0,0.07699999999999818
1383,2023-06-06T17:52:40Z,219.786,-203.0,0.06239999999999668
1384,2023-06-06T17:52:50Z,219.8484,348.0,0.001599999999996271
1385,2023-06-06T17:53:00Z,219.85,500.0,-0.07409999999998718
1386,2023-06-06T17:53:10Z,219.7759,142.0,-0.11600000000001387
1387,2023-06-06T17:53:20Z,219.6599,-286.0,-0.06319999999999482
1388,2023-06-06T17:53:30Z,219.5967,-231.0,0.03340000000000032
1389,2023-06-06T17:53:40Z,219.6301,356.0,-0.10409999999998831
1390,2023-06-06T17:53:50Z,219.526,1422.0,0.054000000000002046
1391,2023-06-06T17:54:00Z,219.58,-770.0,-0.20000000000001705
1392,2023-06-06T17:54:10Z,219.38,0.0,0.04810000000000514
1393,2023-06-06T17:54:20Z,219.4281,-355.0,-0.014399999999994861
1394,2023-06-06T17:54:30Z,219.4137,-53.0,0.06629999999998404
1395,2023-06-06T17:54:40Z,219.48,-583.0,-0.09000000000000341
1396,2023-06-06T17:54:50Z,219.39,869.0,0.05000000000001137
1397,2023-06-06T17:55:00Z,219.44,-425.0,-0.35909999999998377
1398,2023-06-06T17:55:10Z,219.0809,-100.0,-0.04090000000002192
1399,2023-06-06T17:55:30Z,219.04,125.0,0.05500000000000682
1400,2023-06-06T17:55:40Z,219.095,92.0,-0.06999999999999318
1401,2023-06-06T17:55:50Z,219.025,-370.0,0.09489999999999554
1402,2023-06-06T17:56:00Z,219.1199,-210.0,-0.019800000000003593
1403,2023-06-06T17:56:10Z,219.1001,276.0,-0.03149999999999409
1404,2023-06-06T17:56:20Z,219.0686,-162.0,-0.003999999999990678
1405,2023-06-06T17:56:30Z,219.0646,558.0,0.09539999999998372
1406,2023-06-06T17:56:40Z,219.16,505.0,0.030000000000001137
1407,2023-06-06T17:56:50Z,219.19,274.0,0.099899999999991
1408,2023-06-06T17:57:00Z,219.2899,-300.0,0.05010000000001469
1409,2023-06-06T17:57:10Z,219.34,-851.0,0.0016999999999995907
1410,2023-06-06T17:57:20Z,219.3417,208.0,-0.061700000000001864
1411,2023-06-06T17:57:30Z,219.28,-196.0,-0.03999999999999204
1412,2023-06-06T17:57:40Z,219.24,394.0,0.1599999999999966
1413,2023-06-06T17:58:00Z,219.4,-344.0,-0.06999999999999318
1414,2023-06-06T17:58:10Z,219.33,-328.0,0.03999999999999204
1415,2023-06-06T17:58:20Z,219.37,-91.0,0.01999999999998181
1416,2023-06-06T17:58:30Z,219.39,244.0,0.010000000000019327
1417,2023-06-06T17:58:40Z,219.4,-445.0,-0.030000000000001137
1418,2023-06-06T17:58:50Z,219.37,267.0,-0.009999999999990905
1419,2023-06-06T17:59:00Z,219.36,-200.0,0.0362999999999829
1420,2023-06-06T17:59:10Z,219.3963,-800.0,-0.01630000000000109
1421,2023-06-06T17:59:20Z,219.38,-500.0,0.010099999999994225
1422,2023-06-06T17:59:30Z,219.3901,-1800.0,0.13990000000001146
1423,2023-06-06T17:59:40Z,219.53,-813.0,0.044999999999987494
1424,2023-06-06T17:59:50Z,219.575,-383.0,0.006100000000003547
1425,2023-06-06T18:00:00Z,219.5811,-86.0,0.008900000000011232
1426,2023-06-06T18:00:10Z,219.59,-3472.0,-0.004700000000013915
1427,2023-06-06T18:00:20Z,219.5853,-436.0,-0.04549999999997567
1428,2023-06-06T18:00:30Z,219.5398,-579.0,-0.06980000000001496
1429,2023-06-06T18:00:50Z,219.47,-67.0,-0.020000000000010232
1430,2023-06-06T18:01:00Z,219.45,100.0,0.08990000000000009
1431,2023-06-06T18:01:10Z,219.5399,-593.0,-0.1898999999999944
1432,2023-06-06T18:01:20Z,219.35,-283.0,0.09499999999999886
1433,2023-06-06T18:01:30Z,219.445,46.0,0.05510000000001014
1434,2023-06-06T18:01:40Z,219.5001,-200.0,0.07990000000000919
1435,2023-06-06T18:01:50Z,219.58,159.0,0.06999999999999318
1436,2023-06-06T18:02:00Z,219.65,-963.0,0.014999999999986358
1437,2023-06-06T18:02:10Z,219.665,-572.0,-0.1349999999999909
1438,2023-06-06T18:02:20Z,219.53,-150.0,0.030000000000001137
1439,2023-06-06T18:02:30Z,219.56,163.0,0.05500000000000682
1440,2023-06-06T18:02:40Z,219.615,353.0,0.09319999999999595
1441,2023-06-06T18:03:10Z,219.7082,100.0,-0.03829999999999245
1442,2023-06-06T18:03:20Z,219.6699,161.0,-0.02990000000002624
1443,2023-06-06T18:03:40Z,219.64,657.0,-0.009999999999990905
1444,2023-06-06T18:03:50Z,219.63,655.0,0.06999999999999318
1445,2023-06-06T18:04:00Z,219.7,-191.0,-0.03999999999999204
1446,2023-06-06T18:04:10Z,219.66,278.0,-0.04999999999998295
1447,2023-06-06T18:04:20Z,219.61,-100.0,0.1203999999999894
1448,2023-06-06T18:04:40Z,219.7304,62.0,0.039600000000007185
1449,2023-06-06T18:04:50Z,219.77,388.0,0.06989999999998986
1450,2023-06-06T18:05:00Z,219.8399,93.0,0.00010000000000331966
1451,2023-06-06T18:05:10Z,219.84,-74.0,0.06829999999999359
1452,2023-06-06T18:05:20Z,219.9083,-669.0,-0.08830000000000382
1453,2023-06-06T18:05:30Z,219.82,1966.0,-0.030100000000004457
1454,2023-06-06T18:05:40Z,219.7899,189.0,0.0478999999999985
1455,2023-06-06T18:05:50Z,219.8378,-66.0,-0.02019999999998845
1456,2023-06-06T18:06:00Z,219.8176,-606.0,-0.07259999999999422
1457,2023-06-06T18:06:10Z,219.745,163.0,0.0049999999999954525
1458,2023-06-06T18:06:20Z,219.75,423.0,0.010099999999994225
1459,2023-06-06T18:06:30Z,219.7601,282.0,0.004899999999992133
1460,2023-06-06T18:06:40Z,219.765,-100.0,0.005000000000023874
1461,2023-06-06T18:06:50Z,219.77,-909.0,-0.17000000000001592
1462,2023-06-06T18:07:00Z,219.6,950.0,0.03999999999999204
1463,2023-06-06T18:07:10Z,219.64,715.0,0.030000000000001137
1464,2023-06-06T18:07:30Z,219.67,100.0,0.039900000000017144
1465,2023-06-06T18:07:40Z,219.7099,-50.0,-0.004700000000013915
1466,2023-06-06T18:07:50Z,219.7052,156.0,0.10850000000002069
1467,2023-06-06T18:08:00Z,219.8137,529.0,-0.06370000000001141
1468,2023-06-06T18:08:10Z,219.75,-896.0,0.07349999999999568
1469,2023-06-06T18:08:20Z,219.8235,-341.0,-0.05850000000000932
1470,2023-06-06T18:08:40Z,219.765,-128.0,-0.029999999999972715
1471,2023-06-06T18:08:50Z,219.735,151.0,0.04429999999999268
1472,2023-06-06T18:09:00Z,219.7793,-100.0,-0.02930000000000632
1473,2023-06-06T18:09:20Z,219.75,-86.0,-0.037900000000007594
1474,2023-06-06T18:09:30Z,219.7121,-200.0,0.02400000000000091
1475,2023-06-06T18:09:40Z,219.7361,-120.0,0.006400000000013506
1476,2023-06-06T18:09:50Z,219.7425,211.0,0.02740000000000009
1477,2023-06-06T18:10:00Z,219.7699,294.0,-0.040000000000020464
1478,2023-06-06T18:10:20Z,219.7299,-307.0,-0.10489999999998645
1479,2023-06-06T18:10:30Z,219.625,300.0,0.025000000000005684
1480,2023-06-06T18:10:40Z,219.65,-643.0,0.08990000000000009
1481,2023-06-06T18:10:50Z,219.7399,-450.0,-0.059899999999998954
1482,2023-06-06T18:11:00Z,219.68,-510.0,0.07489999999998531
1483,2023-06-06T18:11:10Z,219.7549,-600.0,-0.010199999999997544
1484,2023-06-06T18:11:20Z,219.7447,-685.0,0.11530000000001905
1485,2023-06-06T18:11:40Z,219.86,-489.0,0.23829999999998108
1486,2023-06-06T18:11:50Z,220.0983,100.0,-0.008399999999994634
1487,2023-06-06T18:12:00Z,220.0899,-401.0,0.003299999999995862
1488,2023-06-06T18:12:10Z,220.0932,-753.0,0.08680000000001087
1489,2023-06-06T18:12:20Z,220.18,-421.0,0.06999999999999318
1490,2023-06-06T18:12:30Z,220.25,-280.0,-0.020000000000010232
1491,2023-06-06T18:12:40Z,220.23,-743.0,0.060000000000002274
1492,2023-06-06T18:12:50Z,220.29,263.0,-0.026099999999985357
1493,2023-06-06T18:13:00Z,220.2639,51.0,0.016099999999994452
1494,2023-06-06T18:13:10Z,220.28,-200.0,-0.009999999999990905
1495,2023-06-06T18:13:20Z,220.27,-275.0,-0.05000000000001137
1496,2023-06-06T18:13:40Z,220.22,390.0,0.060000000000002274
1497,2023-06-06T18:13:50Z,220.28,450.0,0.020000000000010232
1498,2023-06-06T18:14:00Z,220.3,-550.0,-0.07990000000000919
1499,2023-06-06T18:14:20Z,220.2201,472.0,0.07570000000001187
1500,2023-06-06T18:14:30Z,220.2958,379.0,-0.015800000000012915
1501,2023-06-06T18:14:50Z,220.28,364.0,0.10999999999998522
1502,2023-06-06T18:15:00Z,220.39,974.0,-0.04999999999998295
1503,2023-06-06T18:15:10Z,220.34,911.0,0.03129999999998745
1504,2023-06-06T18:15:20Z,220.3713,-791.0,-0.07129999999997949
1505,2023-06-06T18:15:30Z,220.3,181.0,0.060000000000002274
1506,2023-06-06T18:15:40Z,220.36,-9.0,-0.0056000000000153705
1507,2023-06-06T18:15:50Z,220.3544,479.0,-0.04279999999999973
1508,2023-06-06T18:16:00Z,220.3116,30.0,-0.13159999999999172
1509,2023-06-06T18:16:10Z,220.18,75.0,-0.03880000000000905
1510,2023-06-06T18:16:20Z,220.1412,775.0,0.05770000000001119
1511,2023-06-06T18:16:30Z,220.1989,-1557.0,0.011799999999993815
1512,2023-06-06T18:16:40Z,220.2107,-150.0,-0.04070000000001528
1513,2023-06-06T18:16:50Z,220.17,450.0,-0.011699999999990496
1514,2023-06-06T18:17:00Z,220.1583,-174.0,0.0016999999999995907
1515,2023-06-06T18:17:10Z,220.16,-309.0,-0.020000000000010232
1516,2023-06-06T18:17:20Z,220.14,528.0,0.039900000000017144
1517,2023-06-06T18:17:30Z,220.1799,-745.0,0.008600000000001273
1518,2023-06-06T18:17:40Z,220.1885,171.0,-0.06850000000000023
1519,2023-06-06T18:17:50Z,220.12,724.0,0.06999999999999318
1520,2023-06-06T18:18:00Z,220.19,-772.0,-0.014999999999986358
1521,2023-06-06T18:18:10Z,220.175,-47.0,-0.17480000000000473
1522,2023-06-06T18:18:40Z,220.0002,-147.0,-0.08010000000001583
1523,2023-06-06T18:19:00Z,219.9201,303.0,0.039900000000017144
1524,2023-06-06T18:19:10Z,219.96,-171.0,0.10839999999998895
1525,2023-06-06T18:19:20Z,220.0684,-200.0,-0.03829999999999245
1526,2023-06-06T18:19:30Z,220.0301,553.0,0.03999999999999204
1527,2023-06-06T18:19:40Z,220.0701,101.0,-0.00010000000000331966
1528,2023-06-06T18:19:50Z,220.07,100.0,-0.07999999999998408
1529,2023-06-06T18:20:00Z,219.99,403.0,-0.10940000000002215
1530,2023-06-06T18:20:10Z,219.8806,196.0,-0.020599999999973306
1531,2023-06-06T18:20:20Z,219.86,-100.0,-0.09030000000001337
1532,2023-06-06T18:20:40Z,219.7697,158.0,0.010199999999997544
1533,2023-06-06T18:20:50Z,219.7799,-169.0,0.020000000000010232
1534,2023-06-06T18:21:00Z,219.7999,-517.0,-0.04990000000000805
1535,2023-06-06T18:21:10Z,219.75,97.0,0.030000000000001137
1536,2023-06-06T18:21:20Z,219.78,289.0,-0.009999999999990905
1537,2023-06-06T18:21:30Z,219.77,411.0,-0.0800000000000125
1538,2023-06-06T18:21:40Z,219.69,719.0,0.04400000000001114
1539,2023-06-06T18:21:50Z,219.734,1.0,0.020999999999986585
1540,2023-06-06T18:22:00Z,219.755,-212.0,0.01500000000001478
1541,2023-06-06T18:22:10Z,219.77,497.0,0.12999999999999545
1542,2023-06-06T18:22:20Z,219.9,-1014.0,-0.15000000000000568
1543,2023-06-06T18:22:40Z,219.75,543.0,-0.02010000000001355
1544,2023-06-06T18:22:50Z,219.7299,-501.0,0.150100000000009
1545,2023-06-06T18:23:00Z,219.88,-520.0,0.020000000000010232
1546,2023-06-06T18:23:10Z,219.9,157.0,0.099899999999991
1547,2023-06-06T18:23:20Z,219.9999,-1936.0,-0.029899999999997817
1548,2023-06-06T18:23:30Z,219.97,-193.0,0.0
1549,2023-06-06T18:23:40Z,219.97,-15.0,0.020000000000010232
1550,2023-06-06T18:23:50Z,219.99,-51.0,0.14999999999997726
1551,2023-06-06T18:24:00Z,220.14,325.0,0.024900000000002365
1552,2023-06-06T18:24:10Z,220.1649,230.0,0.010100000000022646
1553,2023-06-06T18:24:20Z,220.175,3.0,0.024999999999977263
1554,2023-06-06T18:24:30Z,220.2,-127.0,0.01850000000001728
1555,2023-06-06T18:24:40Z,220.2185,-178.0,-0.028500000000008185
1556,2023-06-06T18:24:50Z,220.19,1330.0,0.030000000000001137
1557,2023-06-06T18:25:00Z,220.22,-439.0,-0.05000000000001137
1558,2023-06-06T18:25:10Z,220.17,247.0,0.0700000000000216
1559,2023-06-06T18:25:20Z,220.24,-220.0,-0.17500000000001137
1560,2023-06-06T18:25:30Z,220.065,47.0,-0.07499999999998863
1561,2023-06-06T18:25:40Z,219.99,-500.0,0.05469999999999686
1562,2023-06-06T18:25:50Z,220.0447,149.0,0.11529999999999063
1563,2023-06-06T18:26:10Z,220.16,-1382.0,-0.09999999999999432
1564,2023-06-06T18:26:20Z,220.06,-140.0,-0.0013999999999896318
1565,2023-06-06T18:26:40Z,220.0586,-500.0,0.07139999999998281
1566,2023-06-06T18:26:50Z,220.13,-348.0,0.041300000000006776
1567,2023-06-06T18:27:10Z,220.1713,59.0,0.07869999999999777
1568,2023-06-06T18:27:20Z,220.25,-1516.0,-0.014999999999986358
1569,2023-06-06T18:27:30Z,220.235,-49.0,0.0037999999999840384
1570,2023-06-06T18:27:40Z,220.2388,443.0,-0.0671000000000106
1571,2023-06-06T18:27:50Z,220.1717,205.0,0.028400000000004866
1572,2023-06-06T18:28:00Z,220.2001,432.0,0.029899999999997817
1573,2023-06-06T18:28:10Z,220.23,-11547.0,-0.06989999999998986
1574,2023-06-06T18:28:20Z,220.1601,650.0,0.04990000000000805
1575,2023-06-06T18:28:30Z,220.21,200.0,0.021500000000003183
1576,2023-06-06T18:28:40Z,220.2315,-185.0,-0.011500000000012278
1577,2023-06-06T18:28:50Z,220.22,300.0,-0.020000000000010232
1578,2023-06-06T18:29:00Z,220.2,-800.0,0.029899999999997817
1579,2023-06-06T18:29:10Z,220.2299,-100.0,0.03860000000000241
1580,2023-06-06T18:29:20Z,220.2685,-601.0,0.012400000000013733
1581,2023-06-06T18:29:40Z,220.2809,412.0,0.019100000000008777
1582,2023-06-06T18:29:50Z,220.3,-3601.0,0.00029999999998153726
1583,2023-06-06T18:30:00Z,220.3003,151.0,-0.050299999999992906
1584,2023-06-06T18:30:10Z,220.25,-176.0,0.028999999999996362
1585,2023-06-06T18:30:20Z,220.279,-193.0,-0.028999999999996362
1586,2023-06-06T18:30:30Z,220.25,-1400.0,0.06589999999999918
1587,2023-06-06T18:30:40Z,220.3159,-760.0,-0.047300000000007
1588,2023-06-06T18:30:50Z,220.2686,-478.0,0.021399999999999864
1589,2023-06-06T18:31:10Z,220.29,-3948.0,-0.009999999999990905
1590,2023-06-06T18:31:20Z,220.28,-3949.0,-0.06999999999999318
1591,2023-06-06T18:31:30Z,220.21,-170.0,-0.010000000000019327
1592,2023-06-06T18:31:40Z,220.2,810.0,0.0013000000000147338
1593,2023-06-06T18:31:50Z,220.2013,166.0,0.019299999999986994
1594,2023-06-06T18:32:00Z,220.2206,-527.0,0.014400000000023283
1595,2023-06-06T18:32:10Z,220.235,-666.0,-0.16500000000002046
1596,2023-06-06T18:32:20Z,220.07,950.0,0.060000000000002274
1597,2023-06-06T18:32:30Z,220.13,578.0,-0.03139999999999077
1598,2023-06-06T18:32:40Z,220.0986,-190.0,-0.01859999999999218
1599,2023-06-06T18:32:50Z,220.08,-200.0,-0.012200000000007094
1600,2023-06-06T18:33:00Z,220.0678,250.0,0.036100000000004684
1601,2023-06-06T18:33:10Z,220.1039,-583.0,-0.10890000000000555
1602,2023-06-06T18:33:20Z,219.995,96.0,0.0049999999999954525
1603,2023-06-06T18:33:30Z,220.0,-1300.0,-0.014999999999986358
1604,2023-06-06T18:33:40Z,219.985,25.0,-0.05500000000000682
1605,2023-06-06T18:33:50Z,219.93,-425.0,-0.060000000000002274
1606,2023-06-06T18:34:00Z,219.87,194.0,0.04099999999999682
1607,2023-06-06T18:34:10Z,219.911,153.0,-0.014100000000013324
1608,2023-06-06T18:34:20Z,219.8969,-230.0,0.06310000000001992
1609,2023-06-06T18:34:30Z,219.96,-200.0,-0.021500000000003183
1610,2023-06-06T18:34:40Z,219.9385,-800.0,0.04919999999998481
1611,2023-06-06T18:34:50Z,219.9877,-182.0,-0.009399999999999409
1612,2023-06-06T18:35:00Z,219.9783,-1100.0,-0.05830000000000268
1613,2023-06-06T18:35:10Z,219.92,-232.0,0.030000000000001137
1614,2023-06-06T18:35:20Z,219.95,-324.0,0.03880000000000905
1615,2023-06-06T18:35:40Z,219.9888,348.0,0.041200000000003456
1616,2023-06-06T18:35:50Z,220.03,-250.0,0.030000000000001137
1617,2023-06-06T18:36:00Z,220.06,-688.0,0.12870000000000914
1618,2023-06-06T18:36:10Z,220.1887,-238.0,0.011299999999977217
1619,2023-06-06T18:36:20Z,220.2,486.0,-0.06999999999999318
1620,2023-06-06T18:36:30Z,220.13,203.0,0.03839999999999577
1621,2023-06-06T18:36:40Z,220.1684,200.0,-0.048399999999986676
1622,2023-06-06T18:36:50Z,220.12,105.0,0.18000000000000682
1623,2023-06-06T18:37:00Z,220.3,-850.0,-0.030000000000001137
1624,2023-06-06T18:37:10Z,220.27,-200.0,-0.16500000000002046
1625,2023-06-06T18:37:20Z,220.105,-237.0,-0.125
1626,2023-06-06T18:37:30Z,219.98,520.0,-0.03999999999999204
1627,2023-06-06T18:37:40Z,219.94,-400.0,0.060000000000002274
1628,2023-06-06T18:37:50Z,220.0,-100.0,0.030000000000001137
1629,2023-06-06T18:38:00Z,220.03,-172.0,0.044999999999987494
1630,2023-06-06T18:38:10Z,220.075,100.0,-0.0009000000000014552
1631,2023-06-06T18:38:20Z,220.0741,-100.0,-0.004099999999993997
1632,2023-06-06T18:38:30Z,220.07,-267.0,0.0660000000000025
1633,2023-06-06T18:38:50Z,220.136,249.0,0.014000000000010004
1634,2023-06-06T18:39:00Z,220.15,561.0,0.0
1635,2023-06-06T18:39:10Z,220.15,-461.0,-0.11960000000001969
1636,2023-06-06T18:39:20Z,220.0304,1620.0,0.11960000000001969
1637,2023-06-06T18:39:30Z,220.15,461.0,0.01999999999998181
1638,2023-06-06T18:39:40Z,220.17,55.0,0.0
1639,2023-06-06T18:39:50Z,220.17,150.0,-0.05999999999997385
1640,2023-06-06T18:40:00Z,220.11,-310.0,-0.06010000000000559
1641,2023-06-06T18:40:10Z,220.0499,-316.0,0.05009999999998627
1642,2023-06-06T18:40:20Z,220.1,373.0,-0.009999999999990905
1643,2023-06-06T18:40:30Z,220.09,-237.0,0.07999999999998408
1644,2023-06-06T18:40:40Z,220.17,-500.0,0.01500000000001478
1645,2023-06-06T18:40:50Z,220.185,-368.0,0.05500000000000682
1646,2023-06-06T18:41:00Z,220.24,413.0,0.04999999999998295
1647,2023-06-06T18:41:10Z,220.29,596.0,0.11000000000001364
1648,2023-06-06T18:41:20Z,220.4,-5461.0,-0.15000000000000568
1649,2023-06-06T18:41:30Z,220.25,-449.0,0.010700000000014143
1650,2023-06-06T18:41:40Z,220.2607,498.0,0.039299999999997226
1651,2023-06-06T18:41:50Z,220.3,-500.0,-0.0800000000000125
1652,2023-06-06T18:42:00Z,220.22,-542.0,-0.0519999999999925
1653,2023-06-06T18:42:10Z,220.168,500.0,0.06690000000000396
1654,2023-06-06T18:42:20Z,220.2349,600.0,-0.044900000000012597
1655,2023-06-06T18:42:30Z,220.19,-535.0,0.009999999999990905
1656,2023-06-06T18:42:40Z,220.2,200.0,0.010000000000019327
1657,2023-06-06T18:42:50Z,220.21,-778.0,0.00929999999999609
1658,2023-06-06T18:43:00Z,220.2193,100.0,-0.010099999999994225
1659,2023-06-06T18:43:10Z,220.2092,51.0,0.0007999999999981355
1660,2023-06-06T18:43:20Z,220.21,-400.0,0.01999999999998181
1661,2023-06-06T18:43:30Z,220.23,-318.0,0.010000000000019327
1662,2023-06-06T18:43:40Z,220.24,-21907.0,0.0033999999999991815
