,CurTime,Last,Ask,Bid
0,2023-06-09T13:30:00Z,249.06,249.07,249.0
1,2023-06-09T13:30:10Z,248.8072,248.87,248.73
2,2023-06-09T13:30:20Z,248.72,248.78,248.66
3,2023-06-09T13:30:30Z,249.0299,249.03,248.94
4,2023-06-09T13:30:40Z,247.98,248.02,247.98
5,2023-06-09T13:30:50Z,247.75,247.82,247.75
6,2023-06-09T13:31:00Z,247.18,247.25,247.17
7,2023-06-09T13:31:10Z,247.29,247.31,247.21
8,2023-06-09T13:31:20Z,246.905,246.93,246.87
9,2023-06-09T13:31:30Z,246.8,246.84,246.78
10,2023-06-09T13:31:40Z,247.13,247.16,247.1
11,2023-06-09T13:31:50Z,246.8345,246.85,246.8
12,2023-06-09T13:32:00Z,246.71,246.73,246.71
13,2023-06-09T13:32:10Z,247.435,247.47,247.4
14,2023-06-09T13:32:20Z,248.0687,248.07,247.99
15,2023-06-09T13:32:30Z,247.84,247.91,247.83
16,2023-06-09T13:32:40Z,248.07,248.01,247.98
17,2023-06-09T13:32:50Z,248.3792,248.38,248.34
18,2023-06-09T13:33:00Z,247.88,247.9,247.83
19,2023-06-09T13:33:10Z,248.6601,248.75,248.66
20,2023-06-09T13:33:20Z,248.27,248.36,248.27
21,2023-06-09T13:33:30Z,248.2148,248.22,248.19
22,2023-06-09T13:33:40Z,248.28,248.34,248.26
23,2023-06-09T13:33:50Z,248.29,248.35,248.24
24,2023-06-09T13:34:00Z,247.33,247.38,247.28
25,2023-06-09T13:34:10Z,248.205,248.25,248.16
26,2023-06-09T13:34:20Z,247.788,247.8,247.71
27,2023-06-09T13:34:30Z,247.13,247.13,247.05
28,2023-06-09T13:34:40Z,246.76,246.8,246.72
29,2023-06-09T13:34:50Z,246.605,246.65,246.56
30,2023-06-09T13:35:00Z,247.94,247.94,247.87
31,2023-06-09T13:35:10Z,247.83,247.86,247.8
32,2023-06-09T13:35:20Z,247.36,247.4,247.36
33,2023-06-09T13:35:30Z,246.6163,246.71,246.6
34,2023-06-09T13:35:40Z,247.07,247.07,247.01
35,2023-06-09T13:35:50Z,246.55,246.55,246.52
36,2023-06-09T13:36:00Z,246.71,246.77,246.69
37,2023-06-09T13:36:10Z,246.36,246.42,246.36
38,2023-06-09T13:36:20Z,246.15,246.21,246.14
39,2023-06-09T13:36:30Z,245.9387,245.98,245.89
40,2023-06-09T13:36:40Z,245.8705,245.88,245.83
41,2023-06-09T13:36:50Z,245.5413,245.58,245.52
42,2023-06-09T13:37:00Z,245.258,245.29,245.22
43,2023-06-09T13:37:10Z,245.638,245.64,245.56
44,2023-06-09T13:37:20Z,246.37,246.39,246.3
45,2023-06-09T13:37:30Z,245.85,245.88,245.82
46,2023-06-09T13:37:40Z,245.736,245.78,245.7
47,2023-06-09T13:37:50Z,245.66,245.71,245.63
48,2023-06-09T13:38:00Z,245.63,245.62,245.58
49,2023-06-09T13:38:10Z,245.43,245.46,245.4
50,2023-06-09T13:38:20Z,245.3776,245.4,245.35
51,2023-06-09T13:38:30Z,246.27,246.33,246.17
52,2023-06-09T13:38:40Z,246.355,246.41,246.3
53,2023-06-09T13:38:50Z,246.2301,246.26,246.2
54,2023-06-09T13:39:00Z,246.3,246.32,246.28
55,2023-06-09T13:39:10Z,246.37,246.39,246.33
56,2023-06-09T13:39:20Z,247.1987,247.22,247.17
57,2023-06-09T13:39:30Z,247.44,247.45,247.39
58,2023-06-09T13:39:40Z,247.72,247.77,247.72
59,2023-06-09T13:39:50Z,247.815,247.83,247.8
60,2023-06-09T13:40:00Z,247.771,247.81,247.77
61,2023-06-09T13:40:10Z,247.26,247.29,247.22
62,2023-06-09T13:40:20Z,246.67,246.68,246.64
63,2023-06-09T13:40:30Z,246.96,246.99,246.96
64,2023-06-09T13:40:40Z,247.25,247.3,247.2
65,2023-06-09T13:40:50Z,247.28,247.28,247.23
66,2023-06-09T13:41:00Z,247.31,247.38,247.3
67,2023-06-09T13:41:10Z,246.7714,246.81,246.72
68,2023-06-09T13:41:20Z,247.13,247.19,247.13
69,2023-06-09T13:41:30Z,246.9101,246.93,246.91
70,2023-06-09T13:41:40Z,246.72,246.72,246.64
71,2023-06-09T13:41:50Z,246.789,246.82,246.78
72,2023-06-09T13:42:00Z,247.3794,247.38,247.32
73,2023-06-09T13:42:10Z,247.11,247.13,247.1
74,2023-06-09T13:42:20Z,247.1,247.15,247.1
75,2023-06-09T13:42:30Z,247.17,247.19,247.15
76,2023-06-09T13:42:40Z,247.3357,247.37,247.3
77,2023-06-09T13:42:50Z,247.7,247.74,247.61
78,2023-06-09T13:43:00Z,247.995,248.08,248.02
79,2023-06-09T13:43:10Z,248.225,248.25,248.2
80,2023-06-09T13:43:20Z,248.0889,248.16,248.09
81,2023-06-09T13:43:30Z,247.8,247.83,247.77
82,2023-06-09T13:43:40Z,247.825,247.85,247.79
83,2023-06-09T13:43:50Z,247.8497,247.85,247.81
84,2023-06-09T13:44:00Z,247.885,247.9,247.87
85,2023-06-09T13:44:10Z,247.215,247.29,247.2
86,2023-06-09T13:44:20Z,247.035,247.07,247.0
87,2023-06-09T13:44:30Z,247.5,247.55,247.44
88,2023-06-09T13:44:40Z,247.81,247.83,247.78
89,2023-06-09T13:44:50Z,248.2084,248.21,248.18
90,2023-06-09T13:45:00Z,248.555,248.6,248.51
91,2023-06-09T13:45:10Z,248.785,248.83,248.74
92,2023-06-09T13:45:20Z,248.93,248.98,248.88
93,2023-06-09T13:45:30Z,249.04,249.07,249.02
94,2023-06-09T13:45:40Z,248.7338,248.74,248.7
95,2023-06-09T13:45:50Z,248.385,248.44,248.33
96,2023-06-09T13:46:00Z,248.1999,248.2,248.09
97,2023-06-09T13:46:10Z,248.57,248.63,248.57
98,2023-06-09T13:46:20Z,248.52,248.58,248.52
99,2023-06-09T13:46:30Z,248.45,248.44,248.4
100,2023-06-09T13:46:40Z,248.3,248.34,248.26
101,2023-06-09T13:46:50Z,248.34,248.37,248.31
102,2023-06-09T13:47:00Z,248.7,248.7,248.65
103,2023-06-09T13:47:10Z,248.98,249.0,248.96
104,2023-06-09T13:47:20Z,248.79,248.88,248.82
105,2023-06-09T13:47:30Z,248.7,248.75,248.7
106,2023-06-09T13:47:40Z,249.07,249.11,249.05
107,2023-06-09T13:47:50Z,249.29,249.34,249.28
108,2023-06-09T13:48:00Z,249.52,249.63,249.5
109,2023-06-09T13:48:10Z,249.7581,249.76,249.72
110,2023-06-09T13:48:20Z,249.41,249.46,249.4
111,2023-06-09T13:48:30Z,249.2959,249.31,249.28
112,2023-06-09T13:48:40Z,249.15,249.19,249.14
113,2023-06-09T13:48:50Z,249.01,249.07,249.01
114,2023-06-09T13:49:00Z,249.28,249.31,249.25
115,2023-06-09T13:49:10Z,249.66,249.71,249.66
116,2023-06-09T13:49:20Z,249.2792,249.38,249.28
117,2023-06-09T13:49:30Z,248.4,248.4,248.35
118,2023-06-09T13:49:40Z,248.35,248.4,248.34
119,2023-06-09T13:49:50Z,248.57,248.6,248.54
120,2023-06-09T13:50:00Z,248.3601,248.44,248.35
121,2023-06-09T13:50:10Z,248.6305,248.69,248.63
122,2023-06-09T13:50:20Z,248.5964,248.62,248.55
123,2023-06-09T13:50:30Z,248.72,248.75,248.69
124,2023-06-09T13:50:40Z,248.86,248.94,248.86
125,2023-06-09T13:50:50Z,248.81,248.84,248.75
126,2023-06-09T13:51:00Z,248.38,248.41,248.36
127,2023-06-09T13:51:10Z,248.6,248.66,248.62
128,2023-06-09T13:51:20Z,248.68,248.7,248.66
129,2023-06-09T13:51:30Z,248.67,248.68,248.62
130,2023-06-09T13:51:40Z,248.7101,248.75,248.7
131,2023-06-09T13:51:50Z,248.7221,248.75,248.67
132,2023-06-09T13:52:00Z,248.84,248.87,248.82
133,2023-06-09T13:52:10Z,248.7258,248.73,248.68
134,2023-06-09T13:52:20Z,248.3614,248.4,248.36
135,2023-06-09T13:52:30Z,247.59,247.59,247.47
136,2023-06-09T13:52:40Z,247.835,247.98,247.88
137,2023-06-09T13:52:50Z,248.28,248.29,248.21
138,2023-06-09T13:53:00Z,248.315,248.34,248.29
139,2023-06-09T13:53:10Z,248.49,248.51,248.43
140,2023-06-09T13:53:20Z,248.5742,248.58,248.53
141,2023-06-09T13:53:30Z,248.64,248.67,248.62
142,2023-06-09T13:53:40Z,248.3408,248.42,248.34
143,2023-06-09T13:53:50Z,247.85,247.89,247.84
144,2023-06-09T13:54:00Z,248.1988,248.2,248.14
145,2023-06-09T13:54:10Z,248.03,248.03,247.97
146,2023-06-09T13:54:20Z,247.93,247.99,247.91
147,2023-06-09T13:54:30Z,247.95,247.97,247.93
148,2023-06-09T13:54:40Z,248.22,248.23,248.17
149,2023-06-09T13:54:50Z,248.15,248.15,248.1
150,2023-06-09T13:55:00Z,248.05,248.05,248.01
151,2023-06-09T13:55:10Z,248.115,248.17,248.1
152,2023-06-09T13:55:20Z,248.19,248.19,248.13
153,2023-06-09T13:55:30Z,247.8286,247.87,247.8
154,2023-06-09T13:55:40Z,247.8499,247.85,247.76
155,2023-06-09T13:55:50Z,247.8,247.81,247.71
156,2023-06-09T13:56:00Z,247.62,247.66,247.58
157,2023-06-09T13:56:10Z,247.7699,247.77,247.69
158,2023-06-09T13:56:20Z,247.9551,248.0,247.92
159,2023-06-09T13:56:30Z,248.01,248.01,247.95
160,2023-06-09T13:56:40Z,247.7496,247.82,247.74
161,2023-06-09T13:56:50Z,247.65,247.7,247.62
162,2023-06-09T13:57:00Z,247.77,247.81,247.73
163,2023-06-09T13:57:10Z,248.1013,248.17,248.07
164,2023-06-09T13:57:20Z,248.2406,248.29,248.2
165,2023-06-09T13:57:30Z,248.326,248.33,248.27
166,2023-06-09T13:57:40Z,248.5099,248.54,248.47
167,2023-06-09T13:57:50Z,248.28,248.3,248.27
168,2023-06-09T13:58:00Z,248.5,248.52,248.44
169,2023-06-09T13:58:10Z,248.61,248.62,248.54
170,2023-06-09T13:58:20Z,248.6815,248.71,248.65
171,2023-06-09T13:58:30Z,248.49,248.5,248.45
172,2023-06-09T13:58:40Z,248.59,248.67,248.64
173,2023-06-09T13:58:50Z,248.08,248.29,248.25
174,2023-06-09T13:59:00Z,247.9284,247.94,247.88
175,2023-06-09T13:59:10Z,247.77,247.83,247.76
176,2023-06-09T13:59:20Z,247.89,247.89,247.84
177,2023-06-09T13:59:30Z,247.97,248.02,247.96
178,2023-06-09T13:59:40Z,247.935,247.92,247.89
179,2023-06-09T13:59:50Z,247.85,247.88,247.83
180,2023-06-09T14:00:00Z,248.24,248.29,248.22
181,2023-06-09T14:00:10Z,248.51,248.53,248.44
182,2023-06-09T14:00:20Z,248.435,248.47,248.4
183,2023-06-09T14:00:30Z,248.561,248.58,248.54
184,2023-06-09T14:00:40Z,248.56,248.62,248.56
185,2023-06-09T14:00:50Z,248.75,248.75,248.72
186,2023-06-09T14:01:00Z,248.79,248.82,248.76
187,2023-06-09T14:01:10Z,248.91,248.91,248.87
188,2023-06-09T14:01:20Z,248.6109,248.68,248.6
189,2023-06-09T14:01:30Z,248.44,248.46,248.42
190,2023-06-09T14:01:40Z,248.355,248.38,248.33
191,2023-06-09T14:01:50Z,248.202,248.21,248.17
192,2023-06-09T14:02:00Z,247.94,247.97,247.93
193,2023-06-09T14:02:10Z,248.1,248.15,248.1
194,2023-06-09T14:02:20Z,248.3801,248.41,248.38
195,2023-06-09T14:02:30Z,248.17,248.2,248.16
196,2023-06-09T14:02:40Z,248.33,248.35,248.31
197,2023-06-09T14:02:50Z,248.16,248.2,248.16
198,2023-06-09T14:03:00Z,248.0747,248.09,248.06
199,2023-06-09T14:03:10Z,248.1046,248.16,248.1
200,2023-06-09T14:03:20Z,248.22,248.21,248.16
201,2023-06-09T14:03:30Z,248.17,248.23,248.2
202,2023-06-09T14:03:40Z,248.18,248.2,248.16
203,2023-06-09T14:03:50Z,248.14,248.18,248.14
204,2023-06-09T14:04:00Z,248.0,248.01,247.98
205,2023-06-09T14:04:10Z,247.4844,247.5,247.46
206,2023-06-09T14:04:20Z,247.99,248.02,247.95
207,2023-06-09T14:04:30Z,248.51,248.51,248.46
208,2023-06-09T14:04:40Z,248.2106,248.25,248.21
209,2023-06-09T14:04:50Z,248.4501,248.49,248.44
210,2023-06-09T14:05:00Z,248.4948,248.5,248.45
211,2023-06-09T14:05:10Z,248.42,248.44,248.39
212,2023-06-09T14:05:20Z,248.3,248.34,248.29
213,2023-06-09T14:05:30Z,248.23,248.24,248.21
214,2023-06-09T14:05:40Z,248.3,248.31,248.28
215,2023-06-09T14:05:50Z,248.652,248.68,248.65
216,2023-06-09T14:06:00Z,248.7,248.73,248.68
217,2023-06-09T14:06:10Z,248.37,248.43,248.37
218,2023-06-09T14:06:20Z,248.7001,248.77,248.7
219,2023-06-09T14:06:30Z,248.27,248.29,248.26
220,2023-06-09T14:06:40Z,248.18,248.2,248.16
221,2023-06-09T14:06:50Z,248.31,248.33,248.29
222,2023-06-09T14:07:00Z,248.48,248.5,248.45
223,2023-06-09T14:07:10Z,248.26,248.29,248.24
224,2023-06-09T14:07:20Z,248.275,248.29,248.26
225,2023-06-09T14:07:30Z,248.4,248.42,248.38
226,2023-06-09T14:07:40Z,248.0,248.0,247.99
227,2023-06-09T14:07:50Z,247.741,247.79,247.75
228,2023-06-09T14:08:00Z,248.12,248.14,248.09
229,2023-06-09T14:08:10Z,248.1796,248.18,248.14
230,2023-06-09T14:08:20Z,247.7095,247.71,247.67
231,2023-06-09T14:08:30Z,247.84,247.86,247.82
232,2023-06-09T14:08:40Z,248.115,248.14,248.09
233,2023-06-09T14:08:50Z,248.1394,248.19,248.13
234,2023-06-09T14:09:00Z,248.24,248.26,248.22
235,2023-06-09T14:09:10Z,248.07,248.09,248.05
236,2023-06-09T14:09:20Z,248.0,248.02,247.98
237,2023-06-09T14:09:30Z,248.0,248.04,248.0
238,2023-06-09T14:09:40Z,248.19,248.22,248.17
239,2023-06-09T14:09:50Z,248.5601,248.62,248.57
240,2023-06-09T14:10:00Z,248.58,248.6,248.55
241,2023-06-09T14:10:10Z,248.8101,248.83,248.81
242,2023-06-09T14:10:20Z,248.83,248.84,248.8
243,2023-06-09T14:10:30Z,248.1002,248.14,248.1
244,2023-06-09T14:10:40Z,248.2299,248.23,248.19
245,2023-06-09T14:10:50Z,248.2,248.22,248.17
246,2023-06-09T14:11:00Z,248.339,248.35,248.28
247,2023-06-09T14:11:10Z,248.3595,248.38,248.34
248,2023-06-09T14:11:20Z,248.45,248.45,248.43
249,2023-06-09T14:11:30Z,248.095,248.1,248.06
250,2023-06-09T14:11:40Z,248.345,248.36,248.33
251,2023-06-09T14:11:50Z,248.3601,248.39,248.36
252,2023-06-09T14:12:00Z,248.56,248.59,248.55
253,2023-06-09T14:12:10Z,248.485,248.5,248.47
254,2023-06-09T14:12:20Z,248.4,248.41,248.38
255,2023-06-09T14:12:30Z,248.52,248.52,248.49
256,2023-06-09T14:12:40Z,248.55,248.57,248.53
257,2023-06-09T14:12:50Z,248.66,248.69,248.65
258,2023-06-09T14:13:00Z,248.66,248.67,248.63
259,2023-06-09T14:13:10Z,248.6685,248.69,248.65
260,2023-06-09T14:13:20Z,248.7301,248.76,248.73
261,2023-06-09T14:13:30Z,248.77,248.8,248.74
262,2023-06-09T14:13:40Z,248.88,248.9,248.86
263,2023-06-09T14:13:50Z,248.91,248.92,248.9
264,2023-06-09T14:14:00Z,249.295,249.31,249.28
265,2023-06-09T14:14:10Z,249.3182,249.32,249.28
266,2023-06-09T14:14:20Z,250.0199,250.02,249.97
267,2023-06-09T14:14:30Z,251.25,251.27,251.2
268,2023-06-09T14:14:40Z,250.88,250.9,250.83
269,2023-06-09T14:14:50Z,251.03,251.05,251.03
270,2023-06-09T14:15:00Z,251.09,251.1,251.07
271,2023-06-09T14:15:10Z,251.6,251.61,251.55
272,2023-06-09T14:15:20Z,251.82,251.84,251.8
273,2023-06-09T14:15:30Z,252.3835,252.4,252.36
274,2023-06-09T14:15:40Z,251.76,251.81,251.76
275,2023-06-09T14:15:50Z,251.92,251.94,251.89
276,2023-06-09T14:16:00Z,251.64,251.68,251.63
277,2023-06-09T14:16:10Z,251.4959,251.53,251.49
278,2023-06-09T14:16:20Z,251.69,251.71,251.67
279,2023-06-09T14:16:30Z,251.59,251.59,251.54
280,2023-06-09T14:16:40Z,251.8479,251.87,251.83
281,2023-06-09T14:16:50Z,251.8,251.82,251.77
282,2023-06-09T14:17:00Z,251.7895,251.78,251.74
283,2023-06-09T14:17:10Z,251.61,251.64,251.59
284,2023-06-09T14:17:20Z,251.46,251.47,251.42
285,2023-06-09T14:17:30Z,251.4401,251.48,251.43
286,2023-06-09T14:17:40Z,251.51,251.55,251.51
287,2023-06-09T14:17:50Z,251.5843,251.61,251.56
288,2023-06-09T14:18:00Z,251.8001,251.84,251.8
289,2023-06-09T14:18:10Z,252.13,252.19,252.13
290,2023-06-09T14:18:20Z,252.13,252.18,252.13
291,2023-06-09T14:18:30Z,252.06,252.1,252.05
292,2023-06-09T14:18:40Z,251.74,251.75,251.73
293,2023-06-09T14:18:50Z,251.84,251.89,251.84
294,2023-06-09T14:19:00Z,251.97,251.97,251.92
295,2023-06-09T14:19:10Z,251.89,251.93,251.89
296,2023-06-09T14:19:20Z,251.8488,251.87,251.83
297,2023-06-09T14:19:30Z,251.7595,251.76,251.71
298,2023-06-09T14:19:40Z,251.78,251.8,251.76
299,2023-06-09T14:19:50Z,251.85,251.86,251.83
300,2023-06-09T14:20:00Z,251.68,251.67,251.61
301,2023-06-09T14:20:10Z,251.75,251.75,251.72
302,2023-06-09T14:20:20Z,251.5259,251.54,251.51
303,2023-06-09T14:20:30Z,251.38,251.4,251.36
304,2023-06-09T14:20:40Z,251.5099,251.51,251.48
305,2023-06-09T14:20:50Z,251.5298,251.54,251.51
306,2023-06-09T14:21:00Z,252.1306,252.14,252.11
307,2023-06-09T14:21:10Z,251.8854,251.89,251.85
308,2023-06-09T14:21:20Z,251.71,251.75,251.71
309,2023-06-09T14:21:30Z,251.73,251.78,251.73
310,2023-06-09T14:21:40Z,251.6001,251.62,251.6
311,2023-06-09T14:21:50Z,251.6539,251.67,251.63
312,2023-06-09T14:22:00Z,251.55,251.59,251.54
313,2023-06-09T14:22:10Z,251.45,251.47,251.42
314,2023-06-09T14:22:20Z,251.63,251.64,251.61
315,2023-06-09T14:22:30Z,251.8576,251.9,251.85
316,2023-06-09T14:22:40Z,251.71,251.73,251.69
317,2023-06-09T14:22:50Z,251.49,251.5,251.46
318,2023-06-09T14:23:00Z,251.63,251.66,251.6
319,2023-06-09T14:23:10Z,251.4701,251.52,251.47
320,2023-06-09T14:23:20Z,251.452,251.48,251.42
321,2023-06-09T14:23:30Z,251.44,251.44,251.4
322,2023-06-09T14:23:40Z,251.3222,251.35,251.3
323,2023-06-09T14:23:50Z,251.524,251.55,251.51
324,2023-06-09T14:24:00Z,251.41,251.42,251.39
325,2023-06-09T14:24:10Z,251.5,251.53,251.48
326,2023-06-09T14:24:20Z,251.4747,251.48,251.45
327,2023-06-09T14:24:30Z,251.4154,251.43,251.38
328,2023-06-09T14:24:40Z,251.28,251.31,251.28
329,2023-06-09T14:24:50Z,251.2758,251.28,251.25
330,2023-06-09T14:25:00Z,250.72,250.72,250.68
331,2023-06-09T14:25:10Z,250.77,250.77,250.74
332,2023-06-09T14:25:20Z,250.72,250.7,250.67
333,2023-06-09T14:25:30Z,250.84,250.89,250.84
334,2023-06-09T14:25:40Z,250.79,250.8,250.76
335,2023-06-09T14:25:50Z,250.85,250.85,250.82
336,2023-06-09T14:26:00Z,250.84,250.84,250.81
337,2023-06-09T14:26:10Z,250.6345,250.65,250.61
338,2023-06-09T14:26:20Z,250.6956,250.74,250.7
339,2023-06-09T14:26:30Z,250.8699,250.87,250.84
340,2023-06-09T14:26:40Z,250.7416,250.76,250.74
341,2023-06-09T14:26:50Z,250.6774,250.72,250.67
342,2023-06-09T14:27:00Z,251.03,251.04,251.0
343,2023-06-09T14:27:10Z,251.1106,251.15,251.1
344,2023-06-09T14:27:20Z,251.13,251.13,251.11
345,2023-06-09T14:27:30Z,250.985,251.0,250.96
346,2023-06-09T14:27:40Z,250.92,250.94,250.88
347,2023-06-09T14:27:50Z,250.7837,250.8,250.74
348,2023-06-09T14:28:00Z,250.3833,250.42,250.39
349,2023-06-09T14:28:10Z,250.55,250.56,250.54
350,2023-06-09T14:28:20Z,250.6971,250.71,250.68
351,2023-06-09T14:28:30Z,250.43,250.45,250.41
352,2023-06-09T14:28:40Z,250.74,250.76,250.72
353,2023-06-09T14:28:50Z,250.795,250.84,250.78
354,2023-06-09T14:29:00Z,250.85,250.82,250.79
355,2023-06-09T14:29:10Z,250.82,250.85,250.8
356,2023-06-09T14:29:20Z,250.925,250.92,250.89
357,2023-06-09T14:29:30Z,250.94,250.95,250.91
358,2023-06-09T14:29:40Z,251.0994,251.1,251.04
359,2023-06-09T14:29:50Z,250.9903,251.0,250.94
360,2023-06-09T14:30:00Z,250.65,250.65,250.62
361,2023-06-09T14:30:10Z,250.86,250.86,250.85
362,2023-06-09T14:30:20Z,251.1486,251.15,251.12
363,2023-06-09T14:30:30Z,250.915,250.93,250.9
364,2023-06-09T14:30:40Z,250.9748,250.98,250.95
365,2023-06-09T14:30:50Z,251.1999,251.18,251.14
366,2023-06-09T14:31:00Z,251.09,251.13,251.08
367,2023-06-09T14:31:10Z,251.1401,251.18,251.13
368,2023-06-09T14:31:20Z,250.85,250.86,250.83
369,2023-06-09T14:31:30Z,250.89,250.93,250.88
370,2023-06-09T14:31:40Z,251.025,251.04,251.01
371,2023-06-09T14:31:50Z,251.0,251.03,250.99
372,2023-06-09T14:32:00Z,250.96,250.98,250.96
373,2023-06-09T14:32:10Z,251.1688,251.17,251.15
374,2023-06-09T14:32:20Z,251.0,251.03,251.0
375,2023-06-09T14:32:30Z,251.13,251.15,251.11
376,2023-06-09T14:32:40Z,251.0701,251.09,251.07
377,2023-06-09T14:32:50Z,251.12,251.12,251.1
378,2023-06-09T14:33:00Z,251.05,251.05,251.04
379,2023-06-09T14:33:10Z,250.94,250.96,250.93
380,2023-06-09T14:33:20Z,250.97,250.99,250.95
381,2023-06-09T14:33:30Z,250.9624,250.98,250.96
382,2023-06-09T14:33:40Z,251.0754,251.09,251.05
383,2023-06-09T14:33:50Z,251.14,251.14,251.12
384,2023-06-09T14:34:00Z,251.016,251.02,250.99
385,2023-06-09T14:34:10Z,250.93,250.95,250.92
386,2023-06-09T14:34:20Z,250.995,251.0,250.97
387,2023-06-09T14:34:30Z,250.8668,250.89,250.85
388,2023-06-09T14:34:40Z,250.34,250.36,250.33
389,2023-06-09T14:34:50Z,250.18,250.2,250.17
390,2023-06-09T14:35:00Z,250.3889,250.39,250.36
391,2023-06-09T14:35:10Z,249.86,249.88,249.85
392,2023-06-09T14:35:20Z,249.6364,249.65,249.59
393,2023-06-09T14:35:30Z,249.7795,249.78,249.74
394,2023-06-09T14:35:40Z,249.525,249.54,249.51
395,2023-06-09T14:35:50Z,249.525,249.47,249.43
396,2023-06-09T14:36:00Z,249.9099,249.91,249.87
397,2023-06-09T14:36:10Z,249.9761,249.98,249.94
398,2023-06-09T14:36:20Z,250.1436,250.15,250.1
399,2023-06-09T14:36:30Z,250.17,250.21,250.17
400,2023-06-09T14:36:40Z,250.1259,250.14,250.11
401,2023-06-09T14:36:50Z,250.1416,250.17,250.13
402,2023-06-09T14:37:00Z,250.0705,250.08,250.06
403,2023-06-09T14:37:10Z,250.1124,250.13,250.1
404,2023-06-09T14:37:20Z,250.1116,250.18,250.13
405,2023-06-09T14:37:30Z,250.08,250.11,250.07
406,2023-06-09T14:37:40Z,249.945,249.96,249.93
407,2023-06-09T14:37:50Z,250.2699,250.27,250.24
408,2023-06-09T14:38:00Z,250.18,250.2,250.18
409,2023-06-09T14:38:10Z,250.1567,250.2,250.15
410,2023-06-09T14:38:20Z,250.0401,250.06,250.04
411,2023-06-09T14:38:30Z,250.03,250.07,250.03
412,2023-06-09T14:38:40Z,249.9215,249.96,249.91
413,2023-06-09T14:38:50Z,250.15,250.14,250.12
414,2023-06-09T14:39:00Z,250.118,250.13,250.11
415,2023-06-09T14:39:10Z,250.1201,250.15,250.11
416,2023-06-09T14:39:20Z,250.0799,250.08,250.05
417,2023-06-09T14:39:30Z,250.0112,250.04,250.01
418,2023-06-09T14:39:40Z,249.9,249.91,249.89
419,2023-06-09T14:39:50Z,249.9215,249.95,249.92
420,2023-06-09T14:40:00Z,249.87,249.88,249.86
421,2023-06-09T14:40:10Z,249.682,249.72,249.66
422,2023-06-09T14:40:20Z,249.875,249.89,249.86
423,2023-06-09T14:40:30Z,249.97,249.99,249.96
424,2023-06-09T14:40:40Z,249.97,249.99,249.95
425,2023-06-09T14:40:50Z,249.92,249.95,249.92
426,2023-06-09T14:41:00Z,250.0756,250.12,250.07
427,2023-06-09T14:41:10Z,249.385,249.41,249.36
428,2023-06-09T14:41:20Z,249.45,249.45,249.41
429,2023-06-09T14:41:30Z,249.4102,249.45,249.42
430,2023-06-09T14:41:40Z,249.645,249.67,249.62
431,2023-06-09T14:41:50Z,249.37,249.41,249.37
432,2023-06-09T14:42:00Z,248.95,248.97,248.94
433,2023-06-09T14:42:10Z,248.4399,248.44,248.41
434,2023-06-09T14:42:20Z,248.32,248.34,248.3
435,2023-06-09T14:42:30Z,248.4831,248.5,248.46
436,2023-06-09T14:42:40Z,248.31,248.33,248.3
437,2023-06-09T14:42:50Z,248.165,248.19,248.14
438,2023-06-09T14:43:00Z,248.111,248.14,248.11
439,2023-06-09T14:43:10Z,248.13,248.15,248.12
440,2023-06-09T14:43:20Z,247.6302,247.66,247.63
441,2023-06-09T14:43:30Z,247.5553,247.56,247.54
442,2023-06-09T14:43:40Z,247.8085,247.81,247.79
443,2023-06-09T14:43:50Z,248.19,248.21,248.18
444,2023-06-09T14:44:00Z,248.265,248.28,248.25
445,2023-06-09T14:44:10Z,248.165,248.18,248.16
446,2023-06-09T14:44:20Z,248.3201,248.35,248.32
447,2023-06-09T14:44:30Z,248.425,248.44,248.41
448,2023-06-09T14:44:40Z,248.38,248.38,248.33
449,2023-06-09T14:44:50Z,248.3714,248.38,248.37
450,2023-06-09T14:45:00Z,248.44,248.44,248.42
451,2023-06-09T14:45:10Z,248.2342,248.26,248.24
452,2023-06-09T14:45:20Z,247.841,247.86,247.83
453,2023-06-09T14:45:30Z,247.8,247.82,247.78
454,2023-06-09T14:45:40Z,247.97,248.0,247.97
455,2023-06-09T14:45:50Z,247.72,247.74,247.7
456,2023-06-09T14:46:00Z,247.8499,247.86,247.82
457,2023-06-09T14:46:10Z,247.83,247.83,247.81
458,2023-06-09T14:46:20Z,247.8498,247.87,247.83
459,2023-06-09T14:46:30Z,248.125,248.15,248.1
460,2023-06-09T14:46:40Z,247.8899,247.88,247.84
461,2023-06-09T14:46:50Z,247.7001,247.73,247.7
462,2023-06-09T14:47:00Z,247.7,247.71,247.68
463,2023-06-09T14:47:10Z,247.7123,247.72,247.7
464,2023-06-09T14:47:20Z,247.6986,247.7,247.68
465,2023-06-09T14:47:30Z,247.7799,247.78,247.75
466,2023-06-09T14:47:40Z,247.85,247.89,247.86
467,2023-06-09T14:47:50Z,247.82,247.83,247.81
468,2023-06-09T14:48:00Z,247.045,247.08,247.01
469,2023-06-09T14:48:10Z,247.35,247.37,247.33
470,2023-06-09T14:48:20Z,247.3148,247.32,247.3
471,2023-06-09T14:48:30Z,247.34,247.34,247.32
472,2023-06-09T14:48:40Z,247.4426,247.45,247.42
473,2023-06-09T14:48:50Z,247.7953,247.8,247.77
474,2023-06-09T14:49:00Z,247.94,247.99,247.93
475,2023-06-09T14:49:10Z,247.8,247.83,247.8
476,2023-06-09T14:49:20Z,247.72,247.75,247.72
477,2023-06-09T14:49:30Z,247.71,247.73,247.69
478,2023-06-09T14:49:40Z,247.7801,247.82,247.78
479,2023-06-09T14:49:50Z,247.59,247.57,247.5
480,2023-06-09T14:50:00Z,247.27,247.29,247.25
481,2023-06-09T14:50:10Z,247.18,247.19,247.15
482,2023-06-09T14:50:20Z,247.5099,247.49,247.45
483,2023-06-09T14:50:30Z,247.44,247.47,247.41
484,2023-06-09T14:50:40Z,247.3414,247.36,247.32
485,2023-06-09T14:50:50Z,246.72,246.76,246.7
486,2023-06-09T14:51:00Z,246.9699,246.97,246.92
487,2023-06-09T14:51:10Z,246.83,246.86,246.81
488,2023-06-09T14:51:20Z,246.4057,246.41,246.38
489,2023-06-09T14:51:30Z,246.5399,246.54,246.51
490,2023-06-09T14:51:40Z,246.435,246.45,246.42
491,2023-06-09T14:51:50Z,246.46,246.48,246.45
492,2023-06-09T14:52:00Z,246.32,246.35,246.31
493,2023-06-09T14:52:10Z,246.38,246.38,246.34
494,2023-06-09T14:52:20Z,246.475,246.49,246.46
495,2023-06-09T14:52:30Z,246.332,246.35,246.31
496,2023-06-09T14:52:40Z,246.159,246.16,246.14
497,2023-06-09T14:52:50Z,246.06,246.08,246.06
498,2023-06-09T14:53:00Z,246.001,246.03,246.0
499,2023-06-09T14:53:10Z,246.09,246.11,246.07
500,2023-06-09T14:53:20Z,246.34,246.34,246.3
501,2023-06-09T14:53:30Z,246.5599,246.56,246.52
502,2023-06-09T14:53:40Z,246.54,246.56,246.54
503,2023-06-09T14:53:50Z,246.5393,246.56,246.52
504,2023-06-09T14:54:00Z,246.6451,246.69,246.64
505,2023-06-09T14:54:10Z,246.9,246.93,246.89
506,2023-06-09T14:54:20Z,247.1901,247.27,247.21
507,2023-06-09T14:54:30Z,247.11,247.14,247.11
508,2023-06-09T14:54:40Z,247.3327,247.37,247.33
509,2023-06-09T14:54:50Z,247.4905,247.5,247.49
510,2023-06-09T14:55:00Z,247.369,247.4,247.35
511,2023-06-09T14:55:10Z,247.585,247.6,247.56
512,2023-06-09T14:55:20Z,247.8123,247.83,247.8
513,2023-06-09T14:55:30Z,247.9201,247.96,247.92
514,2023-06-09T14:55:40Z,248.13,248.13,248.1
515,2023-06-09T14:55:50Z,248.23,248.25,248.21
516,2023-06-09T14:56:00Z,248.33,248.35,248.32
517,2023-06-09T14:56:10Z,248.35,248.38,248.37
518,2023-06-09T14:56:20Z,248.1423,248.17,248.14
519,2023-06-09T14:56:30Z,248.25,248.24,248.2
520,2023-06-09T14:56:40Z,248.2201,248.25,248.22
521,2023-06-09T14:56:50Z,248.09,248.13,248.09
522,2023-06-09T14:57:00Z,248.17,248.18,248.14
523,2023-06-09T14:57:10Z,248.181,248.22,248.18
524,2023-06-09T14:57:20Z,248.2,248.24,248.2
525,2023-06-09T14:57:30Z,248.02,248.06,248.02
526,2023-06-09T14:57:40Z,247.96,247.98,247.96
527,2023-06-09T14:57:50Z,248.0,248.02,247.99
528,2023-06-09T14:58:00Z,248.1,248.1,248.07
529,2023-06-09T14:58:10Z,247.9022,247.92,247.89
530,2023-06-09T14:58:20Z,248.07,248.09,248.04
531,2023-06-09T14:58:30Z,247.86,247.89,247.84
532,2023-06-09T14:58:40Z,247.9,247.91,247.89
533,2023-06-09T14:58:50Z,247.86,247.87,247.85
534,2023-06-09T14:59:00Z,247.44,247.48,247.44
535,2023-06-09T14:59:10Z,247.535,247.55,247.52
536,2023-06-09T14:59:20Z,247.4999,247.5,247.48
537,2023-06-09T14:59:30Z,247.22,247.24,247.2
538,2023-06-09T14:59:40Z,247.4016,247.42,247.4
539,2023-06-09T14:59:50Z,247.625,247.64,247.61
540,2023-06-09T15:00:00Z,247.72,247.74,247.7
541,2023-06-09T15:00:10Z,247.73,247.82,247.77
542,2023-06-09T15:00:20Z,247.71,247.72,247.66
543,2023-06-09T15:00:30Z,247.7,247.72,247.69
544,2023-06-09T15:00:40Z,248.0869,248.09,248.04
545,2023-06-09T15:00:50Z,247.9303,247.94,247.9
546,2023-06-09T15:01:00Z,247.8201,247.84,247.82
547,2023-06-09T15:01:10Z,247.88,247.88,247.85
548,2023-06-09T15:01:20Z,247.94,247.96,247.92
549,2023-06-09T15:01:30Z,247.975,247.99,247.96
550,2023-06-09T15:01:40Z,248.0231,248.04,248.0
551,2023-06-09T15:01:50Z,248.0812,248.12,248.08
552,2023-06-09T15:02:00Z,248.1882,248.19,248.17
553,2023-06-09T15:02:10Z,248.2894,248.3,248.27
554,2023-06-09T15:02:20Z,248.2525,248.26,248.22
555,2023-06-09T15:02:30Z,248.4531,248.47,248.44
556,2023-06-09T15:02:40Z,248.44,248.46,248.42
557,2023-06-09T15:02:50Z,248.595,248.6,248.58
558,2023-06-09T15:03:00Z,248.7,248.7,248.68
559,2023-06-09T15:03:10Z,248.55,248.57,248.54
560,2023-06-09T15:03:20Z,248.55,248.56,248.52
561,2023-06-09T15:03:30Z,248.53,248.53,248.52
562,2023-06-09T15:03:40Z,248.64,248.63,248.59
563,2023-06-09T15:03:50Z,248.6349,248.65,248.62
564,2023-06-09T15:04:00Z,248.6406,248.66,248.64
565,2023-06-09T15:04:10Z,248.49,248.53,248.49
566,2023-06-09T15:04:20Z,248.49,248.51,248.48
567,2023-06-09T15:04:30Z,248.5285,248.53,248.5
568,2023-06-09T15:04:40Z,248.3366,248.34,248.31
569,2023-06-09T15:04:50Z,248.48,248.45,248.42
570,2023-06-09T15:05:00Z,248.5278,248.55,248.51
571,2023-06-09T15:05:10Z,248.48,248.49,248.46
572,2023-06-09T15:05:20Z,248.42,248.45,248.42
573,2023-06-09T15:05:30Z,248.5206,248.54,248.52
574,2023-06-09T15:05:40Z,248.5566,248.56,248.53
575,2023-06-09T15:05:50Z,248.39,248.39,248.35
576,2023-06-09T15:06:00Z,248.5236,248.55,248.52
577,2023-06-09T15:06:10Z,248.71,248.72,248.7
578,2023-06-09T15:06:20Z,248.665,248.68,248.65
579,2023-06-09T15:06:30Z,248.95,248.98,248.95
580,2023-06-09T15:06:40Z,249.1687,249.17,249.14
581,2023-06-09T15:06:50Z,249.4299,249.43,249.39
582,2023-06-09T15:07:00Z,249.7,249.7,249.68
583,2023-06-09T15:07:10Z,249.59,249.59,249.56
584,2023-06-09T15:07:20Z,249.77,249.8,249.76
585,2023-06-09T15:07:30Z,249.73,249.77,249.73
586,2023-06-09T15:07:40Z,249.61,249.64,249.62
587,2023-06-09T15:07:50Z,249.695,249.72,249.67
588,2023-06-09T15:08:00Z,249.79,249.79,249.75
589,2023-06-09T15:08:10Z,249.5987,249.62,249.59
590,2023-06-09T15:08:20Z,249.46,249.46,249.45
591,2023-06-09T15:08:30Z,249.4999,249.5,249.49
592,2023-06-09T15:08:40Z,249.49,249.5,249.46
593,2023-06-09T15:08:50Z,249.47,249.46,249.44
594,2023-06-09T15:09:00Z,249.6015,249.62,249.6
595,2023-06-09T15:09:10Z,249.73,249.76,249.71
596,2023-06-09T15:09:20Z,249.788,249.8,249.77
597,2023-06-09T15:09:30Z,249.81,249.72,249.69
598,2023-06-09T15:09:40Z,249.558,249.57,249.54
599,2023-06-09T15:09:50Z,249.59,249.6,249.57
600,2023-06-09T15:10:00Z,249.6054,249.62,249.6
601,2023-06-09T15:10:10Z,249.73,249.74,249.72
602,2023-06-09T15:10:20Z,249.72,249.75,249.72
603,2023-06-09T15:10:30Z,249.7801,249.81,249.78
604,2023-06-09T15:10:40Z,249.765,249.77,249.76
605,2023-06-09T15:10:50Z,249.71,249.72,249.7
606,2023-06-09T15:11:00Z,249.83,249.84,249.82
607,2023-06-09T15:11:10Z,249.7154,249.72,249.7
608,2023-06-09T15:11:20Z,249.8184,249.84,249.8
609,2023-06-09T15:11:30Z,249.9301,249.94,249.93
610,2023-06-09T15:11:40Z,249.86,249.89,249.85
611,2023-06-09T15:11:50Z,249.82,249.85,249.82
612,2023-06-09T15:12:00Z,249.94,249.96,249.92
613,2023-06-09T15:12:10Z,249.83,249.84,249.81
614,2023-06-09T15:12:20Z,249.46,249.48,249.44
615,2023-06-09T15:12:30Z,249.47,249.49,249.47
616,2023-06-09T15:12:40Z,249.2897,249.3,249.26
617,2023-06-09T15:12:50Z,249.3,249.33,249.29
618,2023-06-09T15:13:00Z,249.575,249.59,249.56
619,2023-06-09T15:13:10Z,249.45,249.47,249.43
620,2023-06-09T15:13:20Z,249.3861,249.4,249.37
621,2023-06-09T15:13:30Z,249.3169,249.35,249.31
622,2023-06-09T15:13:40Z,249.2799,249.28,249.24
623,2023-06-09T15:13:50Z,249.2583,249.26,249.24
624,2023-06-09T15:14:00Z,249.1101,249.14,249.11
625,2023-06-09T15:14:10Z,249.33,249.38,249.36
626,2023-06-09T15:14:20Z,249.41,249.41,249.38
627,2023-06-09T15:14:30Z,249.41,249.45,249.41
628,2023-06-09T15:14:40Z,249.475,249.5,249.45
629,2023-06-09T15:14:50Z,249.2799,249.28,249.25
630,2023-06-09T15:15:00Z,249.255,249.28,249.23
631,2023-06-09T15:15:10Z,249.11,249.14,249.11
632,2023-06-09T15:15:20Z,249.16,249.18,249.15
633,2023-06-09T15:15:30Z,248.9,248.93,248.9
634,2023-06-09T15:15:40Z,248.8599,248.85,248.83
635,2023-06-09T15:15:50Z,249.04,249.04,249.01
636,2023-06-09T15:16:00Z,249.0,249.01,248.98
637,2023-06-09T15:16:10Z,248.98,249.0,248.96
638,2023-06-09T15:16:20Z,249.015,249.03,249.0
639,2023-06-09T15:16:30Z,248.7314,248.76,248.73
640,2023-06-09T15:16:40Z,248.66,248.66,248.62
641,2023-06-09T15:16:50Z,248.5354,248.55,248.52
642,2023-06-09T15:17:00Z,248.4599,248.48,248.44
643,2023-06-09T15:17:10Z,248.3378,248.35,248.32
644,2023-06-09T15:17:20Z,248.165,248.18,248.15
645,2023-06-09T15:17:30Z,248.3228,248.35,248.32
646,2023-06-09T15:17:40Z,248.255,248.27,248.24
647,2023-06-09T15:17:50Z,248.1326,248.15,248.12
648,2023-06-09T15:18:00Z,248.0548,248.07,248.04
649,2023-06-09T15:18:10Z,248.07,248.1,248.07
650,2023-06-09T15:18:20Z,248.1877,248.2,248.18
651,2023-06-09T15:18:30Z,248.27,248.28,248.25
652,2023-06-09T15:18:40Z,248.2785,248.28,248.25
653,2023-06-09T15:18:50Z,248.15,248.15,248.13
654,2023-06-09T15:19:00Z,248.08,248.09,248.06
655,2023-06-09T15:19:10Z,247.91,247.92,247.9
656,2023-06-09T15:19:20Z,247.8,247.8,247.77
657,2023-06-09T15:19:30Z,247.9886,247.99,247.95
658,2023-06-09T15:19:40Z,248.135,248.15,248.12
659,2023-06-09T15:19:50Z,247.9401,247.98,247.95
660,2023-06-09T15:20:00Z,248.0404,248.04,248.02
661,2023-06-09T15:20:10Z,248.125,248.14,248.11
662,2023-06-09T15:20:20Z,248.0392,248.05,248.01
663,2023-06-09T15:20:30Z,248.0215,248.02,247.99
664,2023-06-09T15:20:40Z,248.2161,248.22,248.19
665,2023-06-09T15:20:50Z,248.21,248.22,248.19
666,2023-06-09T15:21:00Z,248.1682,248.17,248.14
667,2023-06-09T15:21:10Z,248.09,248.11,248.08
668,2023-06-09T15:21:20Z,248.1408,248.15,248.13
669,2023-06-09T15:21:30Z,248.14,248.14,248.11
670,2023-06-09T15:21:40Z,247.93,247.95,247.91
671,2023-06-09T15:21:50Z,247.98,248.0,247.98
672,2023-06-09T15:22:00Z,248.1042,248.11,248.09
673,2023-06-09T15:22:10Z,247.79,247.79,247.76
674,2023-06-09T15:22:20Z,248.3,248.3,248.26
675,2023-06-09T15:22:30Z,248.175,248.19,248.15
676,2023-06-09T15:22:40Z,248.0993,248.11,248.09
677,2023-06-09T15:22:50Z,248.02,248.03,248.01
678,2023-06-09T15:23:00Z,248.165,248.18,248.15
679,2023-06-09T15:23:10Z,248.47,248.47,248.44
680,2023-06-09T15:23:20Z,248.28,248.3,248.27
681,2023-06-09T15:23:30Z,248.35,248.38,248.33
682,2023-06-09T15:23:40Z,248.405,248.42,248.39
683,2023-06-09T15:23:50Z,248.38,248.4,248.37
684,2023-06-09T15:24:00Z,248.37,248.38,248.35
685,2023-06-09T15:24:10Z,248.42,248.45,248.42
686,2023-06-09T15:24:20Z,248.38,248.39,248.36
687,2023-06-09T15:24:30Z,248.3401,248.36,248.33
688,2023-06-09T15:24:40Z,248.39,248.4,248.38
689,2023-06-09T15:24:50Z,248.565,248.58,248.56
690,2023-06-09T15:25:00Z,248.61,248.63,248.59
691,2023-06-09T15:25:10Z,248.4601,248.5,248.47
692,2023-06-09T15:25:20Z,248.09,248.09,248.06
693,2023-06-09T15:25:30Z,248.0299,248.04,248.0
694,2023-06-09T15:25:40Z,247.6955,247.7,247.67
695,2023-06-09T15:25:50Z,247.5,247.51,247.5
696,2023-06-09T15:26:00Z,247.8681,247.88,247.85
697,2023-06-09T15:26:10Z,247.92,247.96,247.9
698,2023-06-09T15:26:20Z,247.6099,247.61,247.56
699,2023-06-09T15:26:30Z,247.58,247.6,247.57
700,2023-06-09T15:26:40Z,247.5485,247.55,247.53
701,2023-06-09T15:26:50Z,247.5037,247.52,247.49
702,2023-06-09T15:27:00Z,247.6871,247.71,247.67
703,2023-06-09T15:27:10Z,247.768,247.77,247.75
704,2023-06-09T15:27:20Z,247.73,247.75,247.71
705,2023-06-09T15:27:30Z,247.858,247.85,247.82
706,2023-06-09T15:27:40Z,247.8847,247.89,247.86
707,2023-06-09T15:27:50Z,247.85,247.87,247.83
708,2023-06-09T15:28:00Z,247.8537,247.87,247.84
709,2023-06-09T15:28:10Z,247.7803,247.8,247.78
710,2023-06-09T15:28:20Z,247.58,247.56,247.55
711,2023-06-09T15:28:30Z,247.2399,247.24,247.2
712,2023-06-09T15:28:40Z,247.49,247.52,247.5
713,2023-06-09T15:28:50Z,247.51,247.54,247.5
714,2023-06-09T15:29:00Z,247.3686,247.37,247.35
715,2023-06-09T15:29:10Z,247.3086,247.32,247.3
716,2023-06-09T15:29:20Z,247.0394,247.06,247.02
717,2023-06-09T15:29:30Z,246.995,247.0,246.97
718,2023-06-09T15:29:40Z,247.0114,247.04,247.01
719,2023-06-09T15:29:50Z,246.9901,247.01,246.99
720,2023-06-09T15:30:00Z,247.04,247.05,247.03
721,2023-06-09T15:30:10Z,247.0461,247.05,247.02
722,2023-06-09T15:30:20Z,246.94,246.97,246.94
723,2023-06-09T15:30:30Z,246.77,246.81,246.77
724,2023-06-09T15:30:40Z,246.69,246.71,246.67
725,2023-06-09T15:30:50Z,246.68,246.69,246.67
726,2023-06-09T15:31:00Z,246.8015,246.83,246.8
727,2023-06-09T15:31:10Z,246.85,246.86,246.83
728,2023-06-09T15:31:20Z,246.75,246.76,246.75
729,2023-06-09T15:31:30Z,246.95,246.95,246.93
730,2023-06-09T15:31:40Z,246.94,246.95,246.93
731,2023-06-09T15:31:50Z,246.8169,246.83,246.8
732,2023-06-09T15:32:00Z,246.4401,246.47,246.44
733,2023-06-09T15:32:10Z,246.565,246.6,246.56
734,2023-06-09T15:32:20Z,246.51,246.54,246.5
735,2023-06-09T15:32:30Z,246.6499,246.64,246.61
736,2023-06-09T15:32:40Z,246.57,246.59,246.56
737,2023-06-09T15:32:50Z,246.55,246.56,246.53
738,2023-06-09T15:33:00Z,246.73,246.72,246.7
739,2023-06-09T15:33:10Z,246.525,246.55,246.5
740,2023-06-09T15:33:20Z,246.825,246.84,246.81
741,2023-06-09T15:33:30Z,246.8892,246.91,246.88
742,2023-06-09T15:33:40Z,246.9773,246.99,246.97
743,2023-06-09T15:33:50Z,247.2165,247.24,247.21
744,2023-06-09T15:34:00Z,247.32,247.34,247.31
745,2023-06-09T15:34:10Z,247.385,247.41,247.38
746,2023-06-09T15:34:20Z,247.18,247.19,247.16
747,2023-06-09T15:34:30Z,247.5584,247.56,247.53
748,2023-06-09T15:34:40Z,247.2197,247.23,247.2
749,2023-06-09T15:34:50Z,247.22,247.24,247.19
750,2023-06-09T15:35:00Z,247.38,247.41,247.38
751,2023-06-09T15:35:10Z,247.515,247.53,247.48
752,2023-06-09T15:35:20Z,247.45,247.48,247.45
753,2023-06-09T15:35:30Z,247.635,247.65,247.62
754,2023-06-09T15:35:40Z,247.6108,247.62,247.61
755,2023-06-09T15:35:50Z,247.73,247.74,247.7
756,2023-06-09T15:36:00Z,247.68,247.71,247.68
757,2023-06-09T15:36:10Z,247.9138,247.94,247.91
758,2023-06-09T15:36:20Z,248.09,248.13,248.09
759,2023-06-09T15:36:30Z,248.04,248.06,248.03
760,2023-06-09T15:36:40Z,248.05,248.06,248.05
761,2023-06-09T15:36:50Z,248.0774,248.08,248.07
762,2023-06-09T15:37:00Z,248.245,248.26,248.23
763,2023-06-09T15:37:10Z,248.18,248.21,248.17
764,2023-06-09T15:37:20Z,248.2026,248.22,248.18
765,2023-06-09T15:37:30Z,248.095,248.11,248.08
766,2023-06-09T15:37:40Z,248.1399,248.15,248.12
767,2023-06-09T15:37:50Z,248.15,248.18,248.16
768,2023-06-09T15:38:00Z,248.17,248.19,248.15
769,2023-06-09T15:38:10Z,248.0624,248.08,248.05
770,2023-06-09T15:38:20Z,248.0542,248.1,248.05
771,2023-06-09T15:38:30Z,248.01,248.04,248.0
772,2023-06-09T15:38:40Z,248.06,248.07,248.04
773,2023-06-09T15:38:50Z,248.1647,248.19,248.16
774,2023-06-09T15:39:00Z,248.14,248.14,248.12
775,2023-06-09T15:39:10Z,248.13,248.16,248.13
776,2023-06-09T15:39:20Z,248.07,248.1,248.07
777,2023-06-09T15:39:30Z,248.12,248.14,248.1
778,2023-06-09T15:39:40Z,248.02,248.03,247.99
779,2023-06-09T15:39:50Z,247.981,248.0,247.98
780,2023-06-09T15:40:00Z,247.76,247.77,247.75
781,2023-06-09T15:40:10Z,248.0801,248.1,248.07
782,2023-06-09T15:40:20Z,248.015,248.03,248.0
783,2023-06-09T15:40:30Z,248.135,248.15,248.12
784,2023-06-09T15:40:40Z,247.925,247.94,247.91
785,2023-06-09T15:40:50Z,248.1,248.11,248.07
786,2023-06-09T15:41:00Z,248.025,248.04,248.01
787,2023-06-09T15:41:10Z,248.054,248.07,248.04
788,2023-06-09T15:41:20Z,248.175,248.19,248.16
789,2023-06-09T15:41:30Z,248.23,248.24,248.22
790,2023-06-09T15:41:40Z,248.0101,248.05,248.01
791,2023-06-09T15:41:50Z,248.18,248.19,248.16
792,2023-06-09T15:42:00Z,248.1043,248.11,248.07
793,2023-06-09T15:42:10Z,248.1008,248.12,248.08
794,2023-06-09T15:42:20Z,248.075,248.07,248.05
795,2023-06-09T15:42:30Z,248.2091,248.21,248.2
796,2023-06-09T15:42:40Z,248.19,248.2,248.17
797,2023-06-09T15:42:50Z,248.32,248.34,248.31
798,2023-06-09T15:43:00Z,248.27,248.31,248.27
799,2023-06-09T15:43:10Z,248.23,248.24,248.22
800,2023-06-09T15:43:20Z,248.3,248.31,248.29
801,2023-06-09T15:43:30Z,248.4575,248.48,248.45
802,2023-06-09T15:43:40Z,248.6182,248.62,248.6
803,2023-06-09T15:43:50Z,248.89,248.89,248.85
804,2023-06-09T15:44:00Z,248.8501,248.87,248.85
805,2023-06-09T15:44:10Z,248.862,248.88,248.85
806,2023-06-09T15:44:20Z,249.03,249.05,249.01
807,2023-06-09T15:44:30Z,248.9015,248.93,248.9
808,2023-06-09T15:44:40Z,249.1387,249.14,249.11
809,2023-06-09T15:44:50Z,249.01,249.02,249.0
810,2023-06-09T15:45:00Z,249.0157,249.04,249.01
811,2023-06-09T15:45:10Z,249.07,249.08,249.07
812,2023-06-09T15:45:20Z,249.035,249.03,249.0
813,2023-06-09T15:45:30Z,248.726,248.75,248.71
814,2023-06-09T15:45:40Z,248.7143,248.73,248.69
815,2023-06-09T15:45:50Z,248.89,248.92,248.89
816,2023-06-09T15:46:00Z,248.8,248.8,248.76
817,2023-06-09T15:46:10Z,248.535,248.55,248.52
818,2023-06-09T15:46:20Z,248.39,248.42,248.38
819,2023-06-09T15:46:30Z,248.4199,248.42,248.4
820,2023-06-09T15:46:40Z,248.1,248.11,248.09
821,2023-06-09T15:46:50Z,248.2095,248.21,248.18
822,2023-06-09T15:47:00Z,248.1437,248.15,248.12
823,2023-06-09T15:47:10Z,248.32,248.32,248.3
824,2023-06-09T15:47:20Z,248.3599,248.36,248.33
825,2023-06-09T15:47:30Z,248.415,248.43,248.4
826,2023-06-09T15:47:40Z,248.332,248.36,248.33
827,2023-06-09T15:47:50Z,248.35,248.36,248.32
828,2023-06-09T15:48:00Z,248.3355,248.34,248.31
829,2023-06-09T15:48:10Z,248.0019,248.02,248.0
830,2023-06-09T15:48:20Z,248.175,248.19,248.16
831,2023-06-09T15:48:30Z,248.2901,248.33,248.29
832,2023-06-09T15:48:40Z,248.415,248.43,248.41
833,2023-06-09T15:48:50Z,248.3681,248.37,248.34
834,2023-06-09T15:49:00Z,248.43,248.43,248.41
835,2023-06-09T15:49:10Z,248.39,248.39,248.37
836,2023-06-09T15:49:20Z,248.215,248.23,248.2
837,2023-06-09T15:49:30Z,248.365,248.38,248.35
838,2023-06-09T15:49:40Z,248.32,248.33,248.29
839,2023-06-09T15:49:50Z,248.2986,248.3,248.28
840,2023-06-09T15:50:00Z,248.33,248.35,248.32
841,2023-06-09T15:50:10Z,248.3899,248.39,248.37
842,2023-06-09T15:50:20Z,248.28,248.28,248.24
843,2023-06-09T15:50:30Z,248.1379,248.15,248.12
844,2023-06-09T15:50:40Z,248.13,248.15,248.11
845,2023-06-09T15:50:50Z,248.27,248.28,248.24
846,2023-06-09T15:51:00Z,248.1501,248.17,248.15
847,2023-06-09T15:51:10Z,248.04,248.04,248.0
848,2023-06-09T15:51:20Z,247.815,247.83,247.8
849,2023-06-09T15:51:30Z,247.9813,248.01,247.98
850,2023-06-09T15:51:40Z,248.1444,248.15,248.12
851,2023-06-09T15:51:50Z,248.1,248.14,248.11
852,2023-06-09T15:52:00Z,247.9601,247.99,247.96
853,2023-06-09T15:52:10Z,247.97,248.0,247.97
854,2023-06-09T15:52:20Z,247.975,247.99,247.96
855,2023-06-09T15:52:30Z,248.0,248.02,247.98
856,2023-06-09T15:52:40Z,248.06,248.06,248.03
857,2023-06-09T15:52:50Z,247.9201,247.94,247.92
858,2023-06-09T15:53:00Z,247.9599,247.97,247.93
859,2023-06-09T15:53:10Z,248.16,248.18,248.15
860,2023-06-09T15:53:20Z,248.435,248.45,248.42
861,2023-06-09T15:53:30Z,248.595,248.61,248.58
862,2023-06-09T15:53:40Z,248.46,248.48,248.46
863,2023-06-09T15:53:50Z,248.3001,248.35,248.31
864,2023-06-09T15:54:00Z,248.41,248.41,248.37
865,2023-06-09T15:54:10Z,248.2829,248.31,248.29
866,2023-06-09T15:54:20Z,248.3414,248.36,248.33
867,2023-06-09T15:54:30Z,248.24,248.26,248.22
868,2023-06-09T15:54:40Z,248.325,248.35,248.31
869,2023-06-09T15:54:50Z,248.26,248.27,248.25
870,2023-06-09T15:55:00Z,248.23,248.25,248.23
871,2023-06-09T15:55:10Z,248.25,248.25,248.23
872,2023-06-09T15:55:20Z,248.3299,248.35,248.32
873,2023-06-09T15:55:30Z,248.19,248.19,248.16
874,2023-06-09T15:55:40Z,247.9,247.94,247.9
875,2023-06-09T15:55:50Z,247.895,247.91,247.88
876,2023-06-09T15:56:00Z,248.0101,248.04,248.01
877,2023-06-09T15:56:10Z,248.07,248.1,248.06
878,2023-06-09T15:56:20Z,247.89,247.89,247.86
879,2023-06-09T15:56:30Z,247.54,247.56,247.53
880,2023-06-09T15:56:40Z,247.5038,247.51,247.47
881,2023-06-09T15:56:50Z,247.48,247.46,247.44
882,2023-06-09T15:57:00Z,247.33,247.34,247.31
883,2023-06-09T15:57:10Z,247.1225,247.14,247.1
884,2023-06-09T15:57:20Z,247.43,247.43,247.39
885,2023-06-09T15:57:30Z,247.23,247.23,247.19
886,2023-06-09T15:57:40Z,247.31,247.3,247.28
887,2023-06-09T15:57:50Z,247.2469,247.27,247.23
888,2023-06-09T15:58:00Z,247.22,247.24,247.2
889,2023-06-09T15:58:10Z,247.385,247.39,247.35
890,2023-06-09T15:58:20Z,247.48,247.5,247.48
891,2023-06-09T15:58:30Z,247.3645,247.39,247.36
892,2023-06-09T15:58:40Z,247.489,247.5,247.48
893,2023-06-09T15:58:50Z,247.5001,247.52,247.5
894,2023-06-09T15:59:00Z,247.4199,247.46,247.43
895,2023-06-09T15:59:10Z,247.5899,247.59,247.56
896,2023-06-09T15:59:20Z,247.6,247.63,247.6
897,2023-06-09T15:59:30Z,247.678,247.69,247.66
898,2023-06-09T15:59:40Z,247.565,247.59,247.54
899,2023-06-09T15:59:50Z,247.5699,247.58,247.55
900,2023-06-09T16:00:00Z,247.5201,247.55,247.52
901,2023-06-09T16:00:10Z,247.63,247.67,247.62
902,2023-06-09T16:00:20Z,247.4201,247.45,247.42
903,2023-06-09T16:00:30Z,247.4,247.42,247.38
904,2023-06-09T16:00:40Z,247.325,247.35,247.31
905,2023-06-09T16:00:50Z,247.095,247.11,247.08
906,2023-06-09T16:01:00Z,247.012,247.05,247.01
907,2023-06-09T16:01:10Z,246.96,246.97,246.94
908,2023-06-09T16:01:20Z,246.6255,246.63,246.6
909,2023-06-09T16:01:30Z,246.33,246.36,246.33
910,2023-06-09T16:01:40Z,246.062,246.09,246.05
911,2023-06-09T16:01:50Z,246.1699,246.16,246.12
912,2023-06-09T16:02:00Z,246.0642,246.07,246.05
913,2023-06-09T16:02:10Z,246.41,246.43,246.39
914,2023-06-09T16:02:20Z,246.05,246.07,246.05
915,2023-06-09T16:02:30Z,246.2699,246.25,246.22
916,2023-06-09T16:02:40Z,246.17,246.19,246.14
917,2023-06-09T16:02:50Z,246.1264,246.14,246.11
918,2023-06-09T16:03:00Z,246.1352,246.14,246.09
919,2023-06-09T16:03:10Z,246.19,246.2,246.17
920,2023-06-09T16:03:20Z,245.97,245.98,245.94
921,2023-06-09T16:03:30Z,246.3249,246.35,246.31
922,2023-06-09T16:03:40Z,246.3,246.33,246.29
923,2023-06-09T16:03:50Z,246.49,246.51,246.47
924,2023-06-09T16:04:00Z,246.56,246.57,246.55
925,2023-06-09T16:04:10Z,246.4149,246.42,246.39
926,2023-06-09T16:04:20Z,246.5,246.52,246.48
927,2023-06-09T16:04:30Z,246.4146,246.44,246.41
928,2023-06-09T16:04:40Z,246.45,246.46,246.43
929,2023-06-09T16:04:50Z,246.37,246.37,246.34
930,2023-06-09T16:05:00Z,246.32,246.33,246.3
931,2023-06-09T16:05:10Z,246.41,246.42,246.39
932,2023-06-09T16:05:20Z,246.42,246.42,246.38
933,2023-06-09T16:05:30Z,246.46,246.5,246.47
934,2023-06-09T16:05:40Z,246.4,246.4,246.37
935,2023-06-09T16:05:50Z,246.4114,246.44,246.41
936,2023-06-09T16:06:00Z,246.41,246.46,246.43
937,2023-06-09T16:06:10Z,246.66,246.68,246.64
938,2023-06-09T16:06:20Z,246.5476,246.56,246.53
939,2023-06-09T16:06:30Z,246.405,246.42,246.39
940,2023-06-09T16:06:40Z,246.325,246.35,246.3
941,2023-06-09T16:06:50Z,246.3,246.31,246.27
942,2023-06-09T16:07:00Z,246.2201,246.25,246.21
943,2023-06-09T16:07:10Z,246.408,246.42,246.39
944,2023-06-09T16:07:20Z,246.38,246.41,246.38
945,2023-06-09T16:07:30Z,246.5764,246.58,246.56
946,2023-06-09T16:07:40Z,246.6606,246.68,246.63
947,2023-06-09T16:07:50Z,246.7071,246.74,246.7
948,2023-06-09T16:08:00Z,246.7985,246.8,246.78
949,2023-06-09T16:08:10Z,246.65,246.66,246.62
950,2023-06-09T16:08:20Z,246.56,246.6,246.56
951,2023-06-09T16:08:30Z,246.48,246.54,246.5
952,2023-06-09T16:08:40Z,246.5855,246.59,246.56
953,2023-06-09T16:08:50Z,246.4685,246.5,246.45
954,2023-06-09T16:09:00Z,246.5897,246.59,246.54
955,2023-06-09T16:09:10Z,246.405,246.42,246.39
956,2023-06-09T16:09:20Z,246.485,246.48,246.45
957,2023-06-09T16:09:30Z,246.445,246.46,246.43
958,2023-06-09T16:09:40Z,246.41,246.43,246.39
959,2023-06-09T16:09:50Z,246.38,246.37,246.35
960,2023-06-09T16:10:00Z,246.355,246.36,246.33
961,2023-06-09T16:10:10Z,246.4399,246.44,246.41
962,2023-06-09T16:10:20Z,246.53,246.53,246.51
963,2023-06-09T16:10:30Z,246.52,246.53,246.5
964,2023-06-09T16:10:40Z,246.62,246.64,246.6
965,2023-06-09T16:10:50Z,246.56,246.58,246.55
966,2023-06-09T16:11:00Z,246.56,246.58,246.55
967,2023-06-09T16:11:10Z,246.5399,246.54,246.51
968,2023-06-09T16:11:20Z,246.5897,246.61,246.58
969,2023-06-09T16:11:30Z,246.6672,246.68,246.66
970,2023-06-09T16:11:40Z,246.98,246.98,246.95
971,2023-06-09T16:11:50Z,246.69,246.7,246.67
972,2023-06-09T16:12:00Z,246.7385,246.74,246.72
973,2023-06-09T16:12:10Z,246.7,246.7,246.67
974,2023-06-09T16:12:20Z,246.71,246.72,246.68
975,2023-06-09T16:12:30Z,246.8224,246.84,246.81
976,2023-06-09T16:12:40Z,246.955,246.97,246.94
977,2023-06-09T16:12:50Z,246.83,246.86,246.81
978,2023-06-09T16:13:00Z,246.725,246.75,246.71
979,2023-06-09T16:13:10Z,246.77,246.8,246.77
980,2023-06-09T16:13:20Z,246.87,246.89,246.86
981,2023-06-09T16:13:30Z,246.8395,246.85,246.83
982,2023-06-09T16:13:40Z,246.83,246.85,246.81
983,2023-06-09T16:13:50Z,246.86,246.89,246.86
984,2023-06-09T16:14:00Z,246.8602,246.86,246.83
985,2023-06-09T16:14:10Z,246.885,246.9,246.87
986,2023-06-09T16:14:20Z,247.005,247.02,246.98
987,2023-06-09T16:14:30Z,247.0618,247.08,247.06
988,2023-06-09T16:14:40Z,247.1802,247.2,247.18
989,2023-06-09T16:14:50Z,247.38,247.42,247.38
990,2023-06-09T16:15:00Z,247.17,247.2,247.17
991,2023-06-09T16:15:10Z,246.88,246.89,246.87
992,2023-06-09T16:15:20Z,247.0001,247.03,247.0
993,2023-06-09T16:15:30Z,247.1097,247.12,247.09
994,2023-06-09T16:15:40Z,247.185,247.21,247.18
995,2023-06-09T16:15:50Z,247.1734,247.2,247.17
996,2023-06-09T16:16:00Z,247.0701,247.11,247.07
997,2023-06-09T16:16:10Z,247.0546,247.07,247.04
998,2023-06-09T16:16:20Z,247.29,247.29,247.27
999,2023-06-09T16:16:30Z,247.145,247.17,247.13
1000,2023-06-09T16:16:40Z,247.13,247.14,247.11
1001,2023-06-09T16:16:50Z,247.1095,247.12,247.1
1002,2023-06-09T16:17:00Z,247.06,247.1,247.07
1003,2023-06-09T16:17:10Z,247.19,247.21,247.17
1004,2023-06-09T16:17:20Z,247.1101,247.16,247.12
1005,2023-06-09T16:17:30Z,247.1799,247.18,247.15
1006,2023-06-09T16:17:40Z,247.2419,247.26,247.24
1007,2023-06-09T16:17:50Z,247.2573,247.28,247.24
1008,2023-06-09T16:18:00Z,247.1501,247.18,247.15
1009,2023-06-09T16:18:10Z,246.88,246.91,246.88
1010,2023-06-09T16:18:20Z,246.8,246.8,246.76
1011,2023-06-09T16:18:30Z,246.905,246.91,246.86
1012,2023-06-09T16:18:40Z,246.7001,246.71,246.67
1013,2023-06-09T16:18:50Z,246.64,246.65,246.61
1014,2023-06-09T16:19:00Z,246.555,246.57,246.54
1015,2023-06-09T16:19:10Z,246.515,246.53,246.5
1016,2023-06-09T16:19:20Z,246.7694,246.78,246.75
1017,2023-06-09T16:19:30Z,246.77,246.79,246.75
1018,2023-06-09T16:19:40Z,246.87,246.9,246.86
1019,2023-06-09T16:19:50Z,246.7445,246.77,246.74
1020,2023-06-09T16:20:00Z,246.705,246.72,246.69
1021,2023-06-09T16:20:10Z,246.6849,246.69,246.64
1022,2023-06-09T16:20:20Z,246.525,246.54,246.5
1023,2023-06-09T16:20:30Z,246.5999,246.6,246.56
1024,2023-06-09T16:20:40Z,246.4748,246.48,246.44
1025,2023-06-09T16:20:50Z,246.1651,246.18,246.14
1026,2023-06-09T16:21:00Z,246.4255,246.44,246.39
1027,2023-06-09T16:21:10Z,246.505,246.52,246.49
1028,2023-06-09T16:21:20Z,246.08,246.11,246.08
1029,2023-06-09T16:21:30Z,246.22,246.24,246.21
1030,2023-06-09T16:21:40Z,246.1338,246.15,246.12
1031,2023-06-09T16:21:50Z,246.0499,246.05,246.03
1032,2023-06-09T16:22:00Z,246.07,246.09,246.07
1033,2023-06-09T16:22:10Z,245.755,245.78,245.73
1034,2023-06-09T16:22:20Z,245.685,245.71,245.66
1035,2023-06-09T16:22:30Z,245.78,245.8,245.77
1036,2023-06-09T16:22:40Z,245.755,245.77,245.74
1037,2023-06-09T16:22:50Z,245.53,245.56,245.54
1038,2023-06-09T16:23:00Z,245.3727,245.39,245.36
1039,2023-06-09T16:23:10Z,245.43,245.46,245.43
1040,2023-06-09T16:23:20Z,245.34,245.36,245.34
1041,2023-06-09T16:23:30Z,245.58,245.59,245.55
1042,2023-06-09T16:23:40Z,245.58,245.58,245.56
1043,2023-06-09T16:23:50Z,245.425,245.44,245.41
1044,2023-06-09T16:24:00Z,245.2219,245.24,245.22
1045,2023-06-09T16:24:10Z,245.35,245.35,245.31
1046,2023-06-09T16:24:20Z,245.4782,245.49,245.47
1047,2023-06-09T16:24:30Z,245.65,245.67,245.64
1048,2023-06-09T16:24:40Z,245.64,245.64,245.61
1049,2023-06-09T16:24:50Z,245.58,245.61,245.59
1050,2023-06-09T16:25:00Z,245.5599,245.57,245.55
1051,2023-06-09T16:25:10Z,245.3484,245.35,245.33
1052,2023-06-09T16:25:20Z,245.28,245.29,245.26
1053,2023-06-09T16:25:30Z,245.16,245.18,245.14
1054,2023-06-09T16:25:40Z,245.229,245.23,245.21
1055,2023-06-09T16:25:50Z,245.0,245.01,245.0
1056,2023-06-09T16:26:00Z,244.37,244.4,244.35
1057,2023-06-09T16:26:10Z,244.1685,244.17,244.15
1058,2023-06-09T16:26:20Z,244.0008,244.03,244.0
1059,2023-06-09T16:26:30Z,243.889,243.89,243.86
1060,2023-06-09T16:26:40Z,243.94,243.94,243.92
1061,2023-06-09T16:26:50Z,244.1016,244.12,244.09
1062,2023-06-09T16:27:00Z,244.1,244.12,244.09
1063,2023-06-09T16:27:10Z,243.8058,243.83,243.8
1064,2023-06-09T16:27:20Z,243.28,243.28,243.25
1065,2023-06-09T16:27:30Z,242.9453,242.95,242.92
1066,2023-06-09T16:27:40Z,242.8501,242.87,242.85
1067,2023-06-09T16:27:50Z,243.2299,243.23,243.21
1068,2023-06-09T16:28:00Z,243.225,243.24,243.21
1069,2023-06-09T16:28:10Z,243.495,243.51,243.48
1070,2023-06-09T16:28:20Z,243.5,243.53,243.5
1071,2023-06-09T16:28:30Z,243.72,243.73,243.7
1072,2023-06-09T16:28:40Z,243.9334,243.94,243.91
1073,2023-06-09T16:28:50Z,244.0606,244.07,244.04
1074,2023-06-09T16:29:00Z,244.02,244.03,244.01
1075,2023-06-09T16:29:10Z,243.71,243.75,243.72
1076,2023-06-09T16:29:20Z,243.755,243.77,243.74
1077,2023-06-09T16:29:30Z,243.9699,243.97,243.95
1078,2023-06-09T16:29:40Z,244.19,244.23,244.19
1079,2023-06-09T16:29:50Z,244.2999,244.3,244.29
1080,2023-06-09T16:30:00Z,244.15,244.15,244.12
1081,2023-06-09T16:30:10Z,243.9599,243.96,243.93
1082,2023-06-09T16:30:20Z,243.865,243.88,243.85
1083,2023-06-09T16:30:30Z,244.1799,244.18,244.15
1084,2023-06-09T16:30:40Z,244.11,244.13,244.11
1085,2023-06-09T16:30:50Z,244.24,244.26,244.22
1086,2023-06-09T16:31:00Z,244.4,244.4,244.37
1087,2023-06-09T16:31:10Z,244.46,244.48,244.45
1088,2023-06-09T16:31:20Z,244.44,244.47,244.43
1089,2023-06-09T16:31:30Z,244.42,244.43,244.41
1090,2023-06-09T16:31:40Z,244.345,244.36,244.33
1091,2023-06-09T16:31:50Z,244.3336,244.37,244.33
1092,2023-06-09T16:32:00Z,244.3,244.34,244.3
1093,2023-06-09T16:32:10Z,244.4447,244.46,244.42
1094,2023-06-09T16:32:20Z,244.4608,244.48,244.44
1095,2023-06-09T16:32:30Z,244.75,244.75,244.71
1096,2023-06-09T16:32:40Z,244.55,244.58,244.55
1097,2023-06-09T16:32:50Z,244.59,244.63,244.58
1098,2023-06-09T16:33:00Z,244.615,244.63,244.6
1099,2023-06-09T16:33:10Z,244.4301,244.45,244.43
1100,2023-06-09T16:33:20Z,244.3984,244.42,244.38
1101,2023-06-09T16:33:30Z,244.49,244.52,244.49
1102,2023-06-09T16:33:40Z,244.5,244.52,244.46
1103,2023-06-09T16:33:50Z,244.4231,244.45,244.41
1104,2023-06-09T16:34:00Z,244.41,244.42,244.39
1105,2023-06-09T16:34:10Z,244.237,244.24,244.21
1106,2023-06-09T16:34:20Z,244.36,244.38,244.34
1107,2023-06-09T16:34:30Z,244.2869,244.34,244.28
1108,2023-06-09T16:34:40Z,244.17,244.2,244.16
1109,2023-06-09T16:34:50Z,244.165,244.17,244.16
1110,2023-06-09T16:35:00Z,243.96,243.99,243.96
1111,2023-06-09T16:35:10Z,243.8049,243.8,243.76
1112,2023-06-09T16:35:20Z,243.675,243.7,243.65
1113,2023-06-09T16:35:30Z,243.6443,243.67,243.64
1114,2023-06-09T16:35:40Z,243.63,243.65,243.62
1115,2023-06-09T16:35:50Z,243.735,243.75,243.72
1116,2023-06-09T16:36:00Z,243.61,243.64,243.6
1117,2023-06-09T16:36:10Z,243.6199,243.62,243.59
1118,2023-06-09T16:36:20Z,243.54,243.54,243.51
1119,2023-06-09T16:36:30Z,243.415,243.43,243.4
1120,2023-06-09T16:36:40Z,243.295,243.3,243.28
1121,2023-06-09T16:36:50Z,243.225,243.24,243.21
1122,2023-06-09T16:37:00Z,243.335,243.35,243.32
1123,2023-06-09T16:37:10Z,243.5499,243.55,243.53
1124,2023-06-09T16:37:20Z,243.57,243.58,243.53
1125,2023-06-09T16:37:30Z,243.6588,243.68,243.64
1126,2023-06-09T16:37:40Z,243.4386,243.44,243.42
1127,2023-06-09T16:37:50Z,243.3989,243.41,243.38
1128,2023-06-09T16:38:00Z,243.377,243.4,243.37
1129,2023-06-09T16:38:10Z,243.0,243.0,242.97
1130,2023-06-09T16:38:20Z,242.1261,242.17,242.12
1131,2023-06-09T16:38:30Z,242.64,242.64,242.61
1132,2023-06-09T16:38:40Z,242.75,242.78,242.75
1133,2023-06-09T16:38:50Z,242.78,242.78,242.75
1134,2023-06-09T16:39:00Z,242.6836,242.71,242.68
1135,2023-06-09T16:39:10Z,242.61,242.61,242.58
1136,2023-06-09T16:39:20Z,242.2101,242.24,242.21
1137,2023-06-09T16:39:30Z,242.2546,242.29,242.25
1138,2023-06-09T16:39:40Z,242.25,242.26,242.24
1139,2023-06-09T16:39:50Z,242.46,242.48,242.43
1140,2023-06-09T16:40:00Z,242.74,242.79,242.74
1141,2023-06-09T16:40:10Z,242.62,242.64,242.62
1142,2023-06-09T16:40:20Z,242.395,242.42,242.37
1143,2023-06-09T16:40:30Z,242.26,242.27,242.23
1144,2023-06-09T16:40:40Z,242.05,242.09,242.05
1145,2023-06-09T16:40:50Z,242.31,242.31,242.27
1146,2023-06-09T16:41:00Z,242.42,242.42,242.39
1147,2023-06-09T16:41:10Z,242.75,242.77,242.73
1148,2023-06-09T16:41:20Z,243.02,243.03,242.98
1149,2023-06-09T16:41:30Z,243.13,243.15,243.11
1150,2023-06-09T16:41:40Z,243.232,243.26,243.23
1151,2023-06-09T16:41:50Z,243.26,243.29,243.26
1152,2023-06-09T16:42:00Z,243.348,243.36,243.34
1153,2023-06-09T16:42:10Z,243.51,243.53,243.49
1154,2023-06-09T16:42:20Z,243.6056,243.63,243.59
1155,2023-06-09T16:42:30Z,243.6934,243.72,243.69
1156,2023-06-09T16:42:40Z,243.705,243.72,243.69
1157,2023-06-09T16:42:50Z,243.88,243.9,243.87
1158,2023-06-09T16:43:00Z,243.9631,243.99,243.96
1159,2023-06-09T16:43:10Z,243.9699,243.98,243.93
1160,2023-06-09T16:43:20Z,243.9249,243.93,243.91
1161,2023-06-09T16:43:30Z,243.89,243.92,243.89
1162,2023-06-09T16:43:40Z,244.1261,244.14,244.12
1163,2023-06-09T16:43:50Z,244.0599,244.07,244.04
1164,2023-06-09T16:44:00Z,244.1341,244.15,244.12
1165,2023-06-09T16:44:10Z,243.955,243.97,243.94
1166,2023-06-09T16:44:20Z,244.1499,244.15,244.13
1167,2023-06-09T16:44:30Z,244.28,244.29,244.26
1168,2023-06-09T16:44:40Z,244.27,244.26,244.22
1169,2023-06-09T16:44:50Z,244.365,244.38,244.35
1170,2023-06-09T16:45:00Z,244.53,244.53,244.5
1171,2023-06-09T16:45:10Z,244.54,244.57,244.52
1172,2023-06-09T16:45:20Z,244.6282,244.63,244.6
1173,2023-06-09T16:45:30Z,244.32,244.33,244.29
1174,2023-06-09T16:45:40Z,244.3933,244.4,244.37
1175,2023-06-09T16:45:50Z,244.375,244.38,244.36
1176,2023-06-09T16:46:00Z,244.44,244.44,244.42
1177,2023-06-09T16:46:10Z,244.31,244.35,244.31
1178,2023-06-09T16:46:20Z,244.6,244.62,244.59
1179,2023-06-09T16:46:30Z,244.6968,244.7,244.67
1180,2023-06-09T16:46:40Z,244.6302,244.67,244.63
1181,2023-06-09T16:46:50Z,244.6383,244.63,244.6
1182,2023-06-09T16:47:00Z,244.67,244.68,244.66
1183,2023-06-09T16:47:10Z,244.53,244.54,244.51
1184,2023-06-09T16:47:20Z,244.5021,244.53,244.49
1185,2023-06-09T16:47:30Z,244.191,244.2,244.17
1186,2023-06-09T16:47:40Z,244.43,244.45,244.41
1187,2023-06-09T16:47:50Z,244.41,244.43,244.38
1188,2023-06-09T16:48:00Z,244.59,244.59,244.55
1189,2023-06-09T16:48:10Z,244.475,244.51,244.47
1190,2023-06-09T16:48:20Z,244.69,244.71,244.68
1191,2023-06-09T16:48:30Z,244.8601,244.9,244.86
1192,2023-06-09T16:48:40Z,244.895,244.91,244.88
1193,2023-06-09T16:48:50Z,244.96,244.97,244.94
1194,2023-06-09T16:49:00Z,245.1499,245.15,245.13
1195,2023-06-09T16:49:10Z,245.405,245.42,245.39
1196,2023-06-09T16:49:20Z,245.4599,245.47,245.44
1197,2023-06-09T16:49:30Z,245.4503,245.49,245.45
1198,2023-06-09T16:49:40Z,245.5599,245.59,245.56
1199,2023-06-09T16:49:50Z,245.6072,245.64,245.59
1200,2023-06-09T16:50:00Z,245.8,245.86,245.81
1201,2023-06-09T16:50:10Z,245.79,245.82,245.79
1202,2023-06-09T16:50:20Z,245.69,245.72,245.69
1203,2023-06-09T16:50:30Z,245.83,245.85,245.82
1204,2023-06-09T16:50:40Z,245.82,245.85,245.82
1205,2023-06-09T16:50:50Z,245.79,245.81,245.78
1206,2023-06-09T16:51:00Z,245.8506,245.89,245.85
1207,2023-06-09T16:51:10Z,245.985,246.0,245.97
1208,2023-06-09T16:51:20Z,246.24,246.27,246.24
1209,2023-06-09T16:51:30Z,246.01,246.03,245.99
1210,2023-06-09T16:51:40Z,245.8056,245.86,245.8
1211,2023-06-09T16:51:50Z,245.793,245.8,245.76
1212,2023-06-09T16:52:00Z,245.875,245.89,245.86
1213,2023-06-09T16:52:10Z,246.063,246.07,246.04
1214,2023-06-09T16:52:20Z,245.8519,245.89,245.85
1215,2023-06-09T16:52:30Z,245.735,245.76,245.71
1216,2023-06-09T16:52:40Z,245.79,245.84,245.79
1217,2023-06-09T16:52:50Z,245.84,245.86,245.82
1218,2023-06-09T16:53:00Z,245.8264,245.84,245.81
1219,2023-06-09T16:53:10Z,245.8406,245.86,245.84
1220,2023-06-09T16:53:20Z,245.77,245.79,245.75
1221,2023-06-09T16:53:30Z,245.485,245.5,245.47
1222,2023-06-09T16:53:40Z,245.4806,245.5,245.48
1223,2023-06-09T16:53:50Z,245.5479,245.57,245.53
1224,2023-06-09T16:54:00Z,245.47,245.48,245.46
1225,2023-06-09T16:54:10Z,245.38,245.39,245.35
1226,2023-06-09T16:54:20Z,245.4803,245.5,245.47
1227,2023-06-09T16:54:30Z,245.49,245.49,245.45
1228,2023-06-09T16:54:40Z,245.5999,245.6,245.57
1229,2023-06-09T16:54:50Z,245.69,245.7,245.68
1230,2023-06-09T16:55:00Z,245.6191,245.62,245.57
1231,2023-06-09T16:55:10Z,245.38,245.4,245.36
1232,2023-06-09T16:55:20Z,245.3701,245.39,245.36
1233,2023-06-09T16:55:30Z,245.34,245.37,245.33
1234,2023-06-09T16:55:40Z,245.385,245.41,245.37
1235,2023-06-09T16:55:50Z,245.3051,245.32,245.3
1236,2023-06-09T16:56:00Z,245.13,245.15,245.11
1237,2023-06-09T16:56:10Z,245.305,245.33,245.28
1238,2023-06-09T16:56:20Z,245.19,245.2,245.17
1239,2023-06-09T16:56:30Z,245.06,245.08,245.05
1240,2023-06-09T16:56:40Z,245.06,245.07,245.06
1241,2023-06-09T16:56:50Z,245.4,245.42,245.38
1242,2023-06-09T16:57:00Z,245.61,245.63,245.58
1243,2023-06-09T16:57:10Z,245.8587,245.87,245.84
1244,2023-06-09T16:57:20Z,245.6701,245.7,245.67
1245,2023-06-09T16:57:30Z,245.6,245.61,245.57
1246,2023-06-09T16:57:40Z,245.6457,245.66,245.63
1247,2023-06-09T16:57:50Z,245.74,245.75,245.73
1248,2023-06-09T16:58:00Z,245.735,245.75,245.72
1249,2023-06-09T16:58:10Z,245.68,245.72,245.68
1250,2023-06-09T16:58:20Z,245.7749,245.8,245.77
1251,2023-06-09T16:58:30Z,245.78,245.78,245.75
1252,2023-06-09T16:58:40Z,245.8,245.81,245.78
1253,2023-06-09T16:58:50Z,245.9398,245.93,245.9
1254,2023-06-09T16:59:00Z,245.8401,245.87,245.84
1255,2023-06-09T16:59:10Z,246.02,246.02,245.99
1256,2023-06-09T16:59:20Z,246.27,246.28,246.25
1257,2023-06-09T16:59:30Z,246.305,246.32,246.29
1258,2023-06-09T16:59:40Z,246.6201,246.64,246.62
1259,2023-06-09T16:59:50Z,246.6801,246.71,246.68
1260,2023-06-09T17:00:00Z,246.6158,246.65,246.61
1261,2023-06-09T17:00:10Z,246.67,246.69,246.65
1262,2023-06-09T17:00:20Z,246.5542,246.59,246.55
1263,2023-06-09T17:00:30Z,246.545,246.57,246.52
1264,2023-06-09T17:00:40Z,246.4791,246.48,246.44
1265,2023-06-09T17:00:50Z,246.45,246.46,246.44
1266,2023-06-09T17:01:00Z,246.29,246.34,246.29
1267,2023-06-09T17:01:10Z,246.38,246.38,246.36
1268,2023-06-09T17:01:20Z,246.209,246.21,246.19
1269,2023-06-09T17:01:30Z,246.34,246.37,246.34
1270,2023-06-09T17:01:40Z,246.2624,246.29,246.26
1271,2023-06-09T17:01:50Z,246.259,246.28,246.25
1272,2023-06-09T17:02:00Z,246.4013,246.44,246.4
1273,2023-06-09T17:02:10Z,246.27,246.26,246.21
1274,2023-06-09T17:02:20Z,246.14,246.18,246.13
1275,2023-06-09T17:02:30Z,246.02,246.05,246.02
1276,2023-06-09T17:02:40Z,246.095,246.11,246.08
1277,2023-06-09T17:02:50Z,246.1656,246.2,246.16
1278,2023-06-09T17:03:00Z,246.2,246.23,246.2
1279,2023-06-09T17:03:10Z,246.3145,246.32,246.29
1280,2023-06-09T17:03:20Z,246.3999,246.4,246.38
1281,2023-06-09T17:03:30Z,246.2999,246.33,246.31
1282,2023-06-09T17:03:40Z,246.1182,246.12,246.1
1283,2023-06-09T17:03:50Z,246.17,246.19,246.15
1284,2023-06-09T17:04:00Z,246.3,246.33,246.3
1285,2023-06-09T17:04:10Z,246.4336,246.45,246.41
1286,2023-06-09T17:04:20Z,246.5275,246.54,246.51
1287,2023-06-09T17:04:30Z,246.7199,246.72,246.7
1288,2023-06-09T17:04:40Z,246.6601,246.7,246.66
1289,2023-06-09T17:04:50Z,246.7201,246.73,246.7
1290,2023-06-09T17:05:00Z,246.6199,246.62,246.59
1291,2023-06-09T17:05:10Z,246.59,246.61,246.58
1292,2023-06-09T17:05:20Z,246.5715,246.59,246.57
1293,2023-06-09T17:05:30Z,246.5801,246.6,246.58
1294,2023-06-09T17:05:40Z,246.5274,246.55,246.52
1295,2023-06-09T17:05:50Z,246.53,246.54,246.51
1296,2023-06-09T17:06:00Z,246.5,246.52,246.48
1297,2023-06-09T17:06:10Z,246.25,246.28,246.24
1298,2023-06-09T17:06:20Z,246.22,246.27,246.23
1299,2023-06-09T17:06:30Z,246.2841,246.29,246.25
1300,2023-06-09T17:06:40Z,246.25,246.28,246.23
1301,2023-06-09T17:06:50Z,246.18,246.18,246.15
1302,2023-06-09T17:07:00Z,246.22,246.23,246.19
1303,2023-06-09T17:07:10Z,246.5415,246.56,246.54
1304,2023-06-09T17:07:20Z,246.71,246.72,246.69
1305,2023-06-09T17:07:30Z,247.0172,247.03,247.0
1306,2023-06-09T17:07:40Z,246.8,246.8,246.78
1307,2023-06-09T17:07:50Z,246.83,246.85,246.82
1308,2023-06-09T17:08:00Z,246.7716,246.8,246.77
1309,2023-06-09T17:08:10Z,246.8351,246.85,246.82
1310,2023-06-09T17:08:20Z,246.97,247.0,246.97
1311,2023-06-09T17:08:30Z,247.09,247.1,247.06
1312,2023-06-09T17:08:40Z,247.1401,247.16,247.15
1313,2023-06-09T17:08:50Z,247.15,247.15,247.12
1314,2023-06-09T17:09:00Z,247.0599,247.06,247.03
1315,2023-06-09T17:09:10Z,247.16,247.17,247.15
1316,2023-06-09T17:09:20Z,247.25,247.26,247.24
1317,2023-06-09T17:09:30Z,247.22,247.23,247.19
1318,2023-06-09T17:09:40Z,247.28,247.29,247.27
1319,2023-06-09T17:09:50Z,247.2885,247.29,247.27
1320,2023-06-09T17:10:00Z,247.3885,247.4,247.37
1321,2023-06-09T17:10:10Z,247.4,247.41,247.38
1322,2023-06-09T17:10:20Z,247.21,247.23,247.2
1323,2023-06-09T17:10:30Z,247.0987,247.11,247.09
1324,2023-06-09T17:10:40Z,247.03,247.03,247.0
1325,2023-06-09T17:10:50Z,247.1499,247.15,247.11
1326,2023-06-09T17:11:00Z,247.03,247.06,247.03
1327,2023-06-09T17:11:10Z,246.875,246.89,246.85
1328,2023-06-09T17:11:20Z,246.82,246.82,246.78
1329,2023-06-09T17:11:30Z,246.9,246.91,246.88
1330,2023-06-09T17:11:40Z,247.04,247.06,247.02
1331,2023-06-09T17:11:50Z,246.77,246.81,246.77
1332,2023-06-09T17:12:00Z,246.7116,246.75,246.71
1333,2023-06-09T17:12:10Z,246.52,246.53,246.51
1334,2023-06-09T17:12:20Z,246.69,246.69,246.65
1335,2023-06-09T17:12:30Z,246.5901,246.61,246.59
1336,2023-06-09T17:12:40Z,246.7,246.7,246.68
1337,2023-06-09T17:12:50Z,246.6,246.63,246.59
1338,2023-06-09T17:13:00Z,246.605,246.62,246.59
1339,2023-06-09T17:13:10Z,246.655,246.67,246.64
1340,2023-06-09T17:13:20Z,246.79,246.81,246.78
1341,2023-06-09T17:13:30Z,246.855,246.85,246.82
1342,2023-06-09T17:13:40Z,246.8083,246.81,246.77
1343,2023-06-09T17:13:50Z,246.865,246.88,246.85
1344,2023-06-09T17:14:00Z,246.885,246.91,246.87
1345,2023-06-09T17:14:10Z,246.945,246.96,246.93
1346,2023-06-09T17:14:20Z,246.89,246.9,246.89
1347,2023-06-09T17:14:30Z,246.84,246.84,246.81
1348,2023-06-09T17:14:40Z,246.83,246.84,246.82
1349,2023-06-09T17:14:50Z,246.88,246.89,246.85
1350,2023-06-09T17:15:00Z,246.875,246.9,246.87
1351,2023-06-09T17:15:10Z,246.82,246.85,246.82
1352,2023-06-09T17:15:20Z,247.04,247.05,247.03
1353,2023-06-09T17:15:30Z,246.98,247.01,246.97
1354,2023-06-09T17:15:40Z,246.95,246.96,246.93
1355,2023-06-09T17:15:50Z,246.975,246.99,246.96
1356,2023-06-09T17:16:00Z,246.935,246.95,246.92
1357,2023-06-09T17:16:10Z,247.14,247.17,247.14
1358,2023-06-09T17:16:20Z,247.02,247.05,247.01
1359,2023-06-09T17:16:30Z,247.06,247.07,247.05
1360,2023-06-09T17:16:40Z,247.02,247.05,247.02
1361,2023-06-09T17:16:50Z,247.165,247.18,247.15
1362,2023-06-09T17:17:00Z,247.135,247.15,247.12
1363,2023-06-09T17:17:10Z,247.11,247.11,247.08
1364,2023-06-09T17:17:20Z,247.0115,247.04,247.01
1365,2023-06-09T17:17:30Z,246.98,246.99,246.97
1366,2023-06-09T17:17:40Z,247.13,247.14,247.12
1367,2023-06-09T17:17:50Z,247.21,247.21,247.18
1368,2023-06-09T17:18:00Z,247.22,247.24,247.2
1369,2023-06-09T17:18:10Z,247.2265,247.25,247.22
1370,2023-06-09T17:18:20Z,247.09,247.11,247.07
1371,2023-06-09T17:18:30Z,247.045,247.06,247.03
1372,2023-06-09T17:18:40Z,246.85,246.88,246.85
1373,2023-06-09T17:18:50Z,246.8909,246.92,246.89
1374,2023-06-09T17:19:00Z,246.98,247.02,246.98
1375,2023-06-09T17:19:10Z,246.715,246.74,246.69
1376,2023-06-09T17:19:20Z,246.75,246.79,246.75
1377,2023-06-09T17:19:30Z,246.89,246.91,246.87
1378,2023-06-09T17:19:40Z,246.8,246.81,246.79
1379,2023-06-09T17:19:50Z,246.68,246.72,246.67
1380,2023-06-09T17:20:00Z,246.515,246.53,246.5
1381,2023-06-09T17:20:10Z,246.265,246.28,246.25
1382,2023-06-09T17:20:20Z,246.186,246.21,246.17
1383,2023-06-09T17:20:30Z,246.2841,246.28,246.25
1384,2023-06-09T17:20:40Z,246.3499,246.36,246.33
1385,2023-06-09T17:20:50Z,246.4685,246.47,246.45
1386,2023-06-09T17:21:00Z,246.455,246.47,246.44
1387,2023-06-09T17:21:10Z,246.48,246.49,246.46
1388,2023-06-09T17:21:20Z,246.4961,246.52,246.47
1389,2023-06-09T17:21:30Z,246.5733,246.58,246.56
1390,2023-06-09T17:21:40Z,246.74,246.77,246.73
1391,2023-06-09T17:21:50Z,246.61,246.64,246.61
1392,2023-06-09T17:22:00Z,246.53,246.58,246.53
1393,2023-06-09T17:22:10Z,246.68,246.7,246.66
1394,2023-06-09T17:22:20Z,246.7199,246.72,246.7
1395,2023-06-09T17:22:30Z,246.735,246.75,246.72
1396,2023-06-09T17:22:40Z,246.75,246.78,246.75
1397,2023-06-09T17:22:50Z,246.7715,246.78,246.75
1398,2023-06-09T17:23:00Z,246.7199,246.72,246.69
1399,2023-06-09T17:23:10Z,246.8218,246.84,246.81
1400,2023-06-09T17:23:20Z,246.82,246.83,246.81
1401,2023-06-09T17:23:30Z,246.7447,246.76,246.73
1402,2023-06-09T17:23:40Z,246.765,246.78,246.73
1403,2023-06-09T17:23:50Z,246.7145,246.74,246.7
1404,2023-06-09T17:24:00Z,246.7153,246.74,246.71
1405,2023-06-09T17:24:10Z,246.7,246.71,246.68
1406,2023-06-09T17:24:20Z,246.815,246.82,246.81
1407,2023-06-09T17:24:30Z,246.9952,247.03,246.98
1408,2023-06-09T17:24:40Z,247.1183,247.13,247.09
1409,2023-06-09T17:24:50Z,247.07,247.11,247.07
1410,2023-06-09T17:25:00Z,247.165,247.19,247.14
1411,2023-06-09T17:25:10Z,246.9501,246.98,246.95
1412,2023-06-09T17:25:20Z,247.01,247.02,246.99
1413,2023-06-09T17:25:30Z,247.0,247.01,246.99
1414,2023-06-09T17:25:40Z,247.0901,247.11,247.09
1415,2023-06-09T17:25:50Z,247.1033,247.12,247.08
1416,2023-06-09T17:26:00Z,247.09,247.1,247.07
1417,2023-06-09T17:26:10Z,247.2999,247.29,247.27
1418,2023-06-09T17:26:20Z,247.4,247.44,247.4
1419,2023-06-09T17:26:30Z,247.525,247.53,247.5
1420,2023-06-09T17:26:40Z,247.5101,247.53,247.51
1421,2023-06-09T17:26:50Z,247.465,247.48,247.45
1422,2023-06-09T17:27:00Z,247.405,247.42,247.39
1423,2023-06-09T17:27:10Z,247.5601,247.59,247.56
1424,2023-06-09T17:27:20Z,247.66,247.66,247.64
1425,2023-06-09T17:27:30Z,247.85,247.87,247.85
1426,2023-06-09T17:27:40Z,247.7,247.74,247.7
1427,2023-06-09T17:27:50Z,247.6724,247.67,247.65
1428,2023-06-09T17:28:00Z,247.6655,247.69,247.66
1429,2023-06-09T17:28:10Z,247.72,247.74,247.72
1430,2023-06-09T17:28:20Z,247.42,247.44,247.42
1431,2023-06-09T17:28:30Z,247.56,247.57,247.55
1432,2023-06-09T17:28:40Z,247.751,247.77,247.74
1433,2023-06-09T17:28:50Z,247.72,247.74,247.7
1434,2023-06-09T17:29:00Z,247.75,247.75,247.72
1435,2023-06-09T17:29:10Z,247.595,247.62,247.58
1436,2023-06-09T17:29:20Z,247.57,247.59,247.55
1437,2023-06-09T17:29:30Z,247.55,247.56,247.54
1438,2023-06-09T17:29:40Z,247.44,247.47,247.43
1439,2023-06-09T17:29:50Z,247.325,247.34,247.31
1440,2023-06-09T17:30:00Z,247.335,247.37,247.32
1441,2023-06-09T17:30:10Z,247.1845,247.19,247.16
1442,2023-06-09T17:30:20Z,247.0641,247.1,247.06
1443,2023-06-09T17:30:30Z,247.0501,247.08,247.05
1444,2023-06-09T17:30:40Z,247.28,247.3,247.27
1445,2023-06-09T17:30:50Z,247.3,247.3,247.28
1446,2023-06-09T17:31:00Z,247.2199,247.22,247.18
1447,2023-06-09T17:31:10Z,247.31,247.34,247.31
1448,2023-06-09T17:31:20Z,247.3341,247.37,247.33
1449,2023-06-09T17:31:30Z,247.2503,247.26,247.21
1450,2023-06-09T17:31:40Z,247.2199,247.23,247.19
1451,2023-06-09T17:31:50Z,247.33,247.35,247.33
1452,2023-06-09T17:32:00Z,247.23,247.23,247.2
1453,2023-06-09T17:32:10Z,247.2519,247.26,247.24
1454,2023-06-09T17:32:20Z,247.12,247.15,247.12
1455,2023-06-09T17:32:30Z,246.968,246.97,246.94
1456,2023-06-09T17:32:40Z,246.68,246.7,246.68
1457,2023-06-09T17:32:50Z,246.81,246.84,246.81
1458,2023-06-09T17:33:00Z,246.6414,246.67,246.64
1459,2023-06-09T17:33:10Z,246.7571,246.76,246.73
1460,2023-06-09T17:33:20Z,246.78,246.79,246.76
1461,2023-06-09T17:33:30Z,246.67,246.68,246.64
1462,2023-06-09T17:33:40Z,246.735,246.74,246.71
1463,2023-06-09T17:33:50Z,246.76,246.78,246.75
1464,2023-06-09T17:34:00Z,246.67,246.69,246.66
1465,2023-06-09T17:34:10Z,246.4737,246.48,246.46
1466,2023-06-09T17:34:20Z,246.275,246.29,246.26
1467,2023-06-09T17:34:30Z,246.19,246.22,246.17
1468,2023-06-09T17:34:40Z,246.17,246.17,246.13
1469,2023-06-09T17:34:50Z,245.9,245.91,245.88
1470,2023-06-09T17:35:00Z,245.88,245.88,245.86
1471,2023-06-09T17:35:10Z,245.86,245.89,245.85
1472,2023-06-09T17:35:20Z,245.73,245.73,245.71
1473,2023-06-09T17:35:30Z,245.72,245.74,245.7
1474,2023-06-09T17:35:40Z,245.635,245.65,245.62
1475,2023-06-09T17:35:50Z,245.56,245.56,245.54
1476,2023-06-09T17:36:00Z,245.26,245.29,245.25
1477,2023-06-09T17:36:10Z,245.515,245.53,245.48
1478,2023-06-09T17:36:20Z,245.6282,245.63,245.6
1479,2023-06-09T17:36:30Z,245.7299,245.73,245.71
1480,2023-06-09T17:36:40Z,245.8388,245.85,245.83
1481,2023-06-09T17:36:50Z,245.82,245.84,245.8
1482,2023-06-09T17:37:00Z,245.7864,245.79,245.76
1483,2023-06-09T17:37:10Z,245.8308,245.88,245.83
1484,2023-06-09T17:37:20Z,245.988,245.99,245.96
1485,2023-06-09T17:37:30Z,245.8209,245.85,245.82
1486,2023-06-09T17:37:40Z,245.84,245.86,245.84
1487,2023-06-09T17:37:50Z,245.8698,245.86,245.83
1488,2023-06-09T17:38:00Z,245.83,245.86,245.83
1489,2023-06-09T17:38:10Z,245.9,245.9,245.88
1490,2023-06-09T17:38:20Z,245.8501,245.87,245.85
1491,2023-06-09T17:38:30Z,245.8789,245.88,245.86
1492,2023-06-09T17:38:40Z,246.025,246.04,246.01
1493,2023-06-09T17:38:50Z,246.12,246.16,246.11
1494,2023-06-09T17:39:00Z,246.1925,246.2,246.17
1495,2023-06-09T17:39:10Z,246.23,246.25,246.21
1496,2023-06-09T17:39:20Z,246.1961,246.21,246.19
1497,2023-06-09T17:39:30Z,246.25,246.3,246.27
1498,2023-06-09T17:39:40Z,246.35,246.36,246.34
1499,2023-06-09T17:39:50Z,246.37,246.41,246.37
1500,2023-06-09T17:40:00Z,246.282,246.3,246.28
1501,2023-06-09T17:40:10Z,246.28,246.29,246.27
1502,2023-06-09T17:40:20Z,246.515,246.53,246.5
1503,2023-06-09T17:40:30Z,246.58,246.63,246.58
1504,2023-06-09T17:40:40Z,246.61,246.63,246.6
1505,2023-06-09T17:40:50Z,246.47,246.49,246.46
1506,2023-06-09T17:41:00Z,246.51,246.54,246.5
1507,2023-06-09T17:41:10Z,246.6501,246.69,246.65
1508,2023-06-09T17:41:20Z,246.653,246.67,246.66
1509,2023-06-09T17:41:30Z,246.8052,246.83,246.8
1510,2023-06-09T17:41:40Z,246.94,246.92,246.89
1511,2023-06-09T17:41:50Z,246.7412,246.75,246.73
1512,2023-06-09T17:42:00Z,246.761,246.78,246.75
1513,2023-06-09T17:42:10Z,246.7746,246.79,246.75
1514,2023-06-09T17:42:20Z,246.695,246.71,246.68
1515,2023-06-09T17:42:30Z,246.6,246.63,246.6
1516,2023-06-09T17:42:40Z,246.65,246.68,246.65
1517,2023-06-09T17:42:50Z,246.66,246.7,246.66
1518,2023-06-09T17:43:00Z,246.6079,246.61,246.57
1519,2023-06-09T17:43:10Z,246.5779,246.59,246.56
1520,2023-06-09T17:43:20Z,246.41,246.39,246.36
1521,2023-06-09T17:43:30Z,246.245,246.27,246.23
1522,2023-06-09T17:43:40Z,246.2594,246.26,246.23
1523,2023-06-09T17:43:50Z,246.23,246.25,246.22
1524,2023-06-09T17:44:00Z,246.24,246.27,246.22
1525,2023-06-09T17:44:10Z,246.385,246.4,246.37
1526,2023-06-09T17:44:20Z,246.4391,246.44,246.43
1527,2023-06-09T17:44:30Z,246.4099,246.41,246.38
1528,2023-06-09T17:44:40Z,246.5,246.51,246.49
1529,2023-06-09T17:44:50Z,246.5781,246.58,246.55
1530,2023-06-09T17:45:00Z,246.41,246.44,246.4
1531,2023-06-09T17:45:10Z,246.515,246.54,246.52
1532,2023-06-09T17:45:20Z,246.51,246.53,246.5
1533,2023-06-09T17:45:30Z,246.545,246.56,246.53
1534,2023-06-09T17:45:40Z,246.58,246.58,246.55
1535,2023-06-09T17:45:50Z,246.675,246.68,246.66
1536,2023-06-09T17:46:00Z,246.665,246.68,246.65
1537,2023-06-09T17:46:10Z,246.66,246.66,246.63
1538,2023-06-09T17:46:20Z,246.51,246.54,246.5
1539,2023-06-09T17:46:30Z,246.47,246.5,246.47
1540,2023-06-09T17:46:40Z,246.635,246.65,246.62
1541,2023-06-09T17:46:50Z,246.6153,246.65,246.62
1542,2023-06-09T17:47:00Z,246.735,246.75,246.72
1543,2023-06-09T17:47:10Z,246.5901,246.62,246.59
1544,2023-06-09T17:47:20Z,246.6501,246.66,246.64
1545,2023-06-09T17:47:30Z,246.75,246.76,246.73
1546,2023-06-09T17:47:40Z,246.5399,246.54,246.51
1547,2023-06-09T17:47:50Z,246.465,246.48,246.45
1548,2023-06-09T17:48:00Z,246.53,246.54,246.48
1549,2023-06-09T17:48:10Z,246.35,246.41,246.39
1550,2023-06-09T17:48:20Z,246.47,246.47,246.44
1551,2023-06-09T17:48:30Z,246.41,246.43,246.41
1552,2023-06-09T17:48:40Z,246.465,246.48,246.45
1553,2023-06-09T17:48:50Z,246.2787,246.29,246.26
1554,2023-06-09T17:49:00Z,246.1899,246.18,246.15
1555,2023-06-09T17:49:10Z,245.9975,246.01,245.99
1556,2023-06-09T17:49:20Z,245.91,245.93,245.89
1557,2023-06-09T17:49:30Z,245.8518,245.89,245.85
1558,2023-06-09T17:49:40Z,245.81,245.82,245.79
1559,2023-06-09T17:49:50Z,246.005,246.02,245.99
1560,2023-06-09T17:50:00Z,245.7601,245.78,245.76
1561,2023-06-09T17:50:10Z,246.075,246.09,246.06
1562,2023-06-09T17:50:20Z,246.2,246.21,246.18
1563,2023-06-09T17:50:30Z,246.165,246.19,246.16
1564,2023-06-09T17:50:40Z,246.22,246.24,246.2
1565,2023-06-09T17:50:50Z,246.2277,246.25,246.2
1566,2023-06-09T17:51:00Z,246.1816,246.2,246.18
1567,2023-06-09T17:51:10Z,245.99,246.0,245.97
1568,2023-06-09T17:51:20Z,245.8101,245.84,245.81
1569,2023-06-09T17:51:30Z,245.62,245.63,245.61
1570,2023-06-09T17:51:40Z,245.66,245.67,245.65
1571,2023-06-09T17:51:50Z,245.8897,245.9,245.87
1572,2023-06-09T17:52:00Z,245.85,245.88,245.83
1573,2023-06-09T17:52:10Z,245.8604,245.88,245.85
1574,2023-06-09T17:52:20Z,245.99,246.0,245.98
1575,2023-06-09T17:52:30Z,246.0202,246.06,246.02
1576,2023-06-09T17:52:40Z,246.0101,246.05,246.01
1577,2023-06-09T17:52:50Z,246.1313,246.15,246.12
1578,2023-06-09T17:53:00Z,246.1,246.12,246.08
1579,2023-06-09T17:53:10Z,246.1701,246.2,246.17
1580,2023-06-09T17:53:20Z,246.1247,246.16,246.11
1581,2023-06-09T17:53:30Z,246.043,246.06,246.02
1582,2023-06-09T17:53:40Z,246.26,246.26,246.24
1583,2023-06-09T17:53:50Z,246.4112,246.43,246.39
1584,2023-06-09T17:54:00Z,246.455,246.47,246.44
1585,2023-06-09T17:54:10Z,246.5187,246.52,246.49
1586,2023-06-09T17:54:20Z,246.6326,246.65,246.62
1587,2023-06-09T17:54:30Z,246.72,246.73,246.71
1588,2023-06-09T17:54:40Z,246.7011,246.73,246.69
1589,2023-06-09T17:54:50Z,246.6381,246.64,246.61
1590,2023-06-09T17:55:00Z,246.67,246.69,246.66
1591,2023-06-09T17:55:10Z,246.61,246.63,246.59
1592,2023-06-09T17:55:20Z,246.6239,246.64,246.61
1593,2023-06-09T17:55:30Z,246.6,246.61,246.59
1594,2023-06-09T17:55:40Z,246.39,246.43,246.39
1595,2023-06-09T17:55:50Z,246.625,246.65,246.62
1596,2023-06-09T17:56:00Z,246.849,246.85,246.82
1597,2023-06-09T17:56:10Z,246.7719,246.83,246.77
1598,2023-06-09T17:56:20Z,246.715,246.74,246.69
1599,2023-06-09T17:56:30Z,246.72,246.74,246.71
1600,2023-06-09T17:56:40Z,246.6778,246.73,246.69
1601,2023-06-09T17:56:50Z,246.6428,246.67,246.64
1602,2023-06-09T17:57:00Z,246.54,246.56,246.52
1603,2023-06-09T17:57:10Z,246.51,246.52,246.49
1604,2023-06-09T17:57:20Z,246.59,246.6,246.58
1605,2023-06-09T17:57:30Z,246.5506,246.6,246.56
1606,2023-06-09T17:57:40Z,246.6742,246.69,246.65
1607,2023-06-09T17:57:50Z,246.6599,246.66,246.61
1608,2023-06-09T17:58:00Z,246.74,246.74,246.7
1609,2023-06-09T17:58:10Z,246.8117,246.84,246.81
1610,2023-06-09T17:58:20Z,246.8253,246.83,246.8
1611,2023-06-09T17:58:30Z,246.9101,246.94,246.91
1612,2023-06-09T17:58:40Z,246.9,246.92,246.88
1613,2023-06-09T17:58:50Z,246.815,246.83,246.8
1614,2023-06-09T17:59:00Z,247.06,247.08,247.04
1615,2023-06-09T17:59:10Z,247.15,247.17,247.13
1616,2023-06-09T17:59:20Z,247.19,247.19,247.16
1617,2023-06-09T17:59:30Z,247.01,247.02,247.0
1618,2023-06-09T17:59:40Z,247.05,247.07,247.04
1619,2023-06-09T17:59:50Z,247.08,247.09,247.07
1620,2023-06-09T18:00:00Z,246.96,247.03,246.98
1621,2023-06-09T18:00:10Z,246.9799,246.99,246.95
1622,2023-06-09T18:00:20Z,247.1999,247.2,247.16
1623,2023-06-09T18:00:30Z,247.11,247.15,247.11
1624,2023-06-09T18:00:40Z,247.168,247.19,247.16
1625,2023-06-09T18:00:50Z,247.1135,247.14,247.11
1626,2023-06-09T18:01:00Z,246.86,246.84,246.81
1627,2023-06-09T18:01:10Z,246.66,246.69,246.66
1628,2023-06-09T18:01:20Z,246.6101,246.63,246.61
1629,2023-06-09T18:01:30Z,246.7301,246.76,246.73
1630,2023-06-09T18:01:40Z,246.82,246.84,246.82
1631,2023-06-09T18:01:50Z,246.861,246.88,246.85
1632,2023-06-09T18:02:00Z,246.78,246.8,246.77
1633,2023-06-09T18:02:10Z,246.77,246.8,246.77
1634,2023-06-09T18:02:20Z,246.8386,246.84,246.82
1635,2023-06-09T18:02:30Z,246.7501,246.78,246.74
1636,2023-06-09T18:02:40Z,246.8501,246.87,246.85
1637,2023-06-09T18:02:50Z,246.89,246.9,246.87
1638,2023-06-09T18:03:00Z,246.76,246.76,246.73
1639,2023-06-09T18:03:10Z,246.67,246.65,246.62
1640,2023-06-09T18:03:20Z,246.865,246.88,246.84
1641,2023-06-09T18:03:30Z,246.8999,246.9,246.88
1642,2023-06-09T18:03:40Z,246.965,246.98,246.95
1643,2023-06-09T18:03:50Z,246.96,246.98,246.96
1644,2023-06-09T18:04:00Z,246.9099,246.93,246.91
1645,2023-06-09T18:04:10Z,246.7757,246.78,246.75
1646,2023-06-09T18:04:20Z,246.9299,246.93,246.91
1647,2023-06-09T18:04:30Z,246.8772,246.89,246.85
1648,2023-06-09T18:04:40Z,246.8982,246.9,246.88
1649,2023-06-09T18:04:50Z,246.9325,246.94,246.9
1650,2023-06-09T18:05:00Z,246.875,246.87,246.86
1651,2023-06-09T18:05:10Z,246.8777,246.92,246.87
1652,2023-06-09T18:05:20Z,247.0238,247.04,247.01
1653,2023-06-09T18:05:30Z,246.9706,247.0,246.97
1654,2023-06-09T18:05:40Z,246.89,246.92,246.89
1655,2023-06-09T18:05:50Z,246.9299,246.93,246.91
1656,2023-06-09T18:06:00Z,246.8,246.82,246.8
1657,2023-06-09T18:06:10Z,246.84,246.85,246.83
1658,2023-06-09T18:06:20Z,246.67,246.7,246.68
1659,2023-06-09T18:06:30Z,246.7457,246.76,246.74
1660,2023-06-09T18:06:40Z,246.55,246.57,246.54
1661,2023-06-09T18:06:50Z,246.355,246.37,246.33
1662,2023-06-09T18:07:00Z,246.45,246.46,246.43
1663,2023-06-09T18:07:10Z,246.56,246.57,246.55
1664,2023-06-09T18:07:20Z,246.4415,246.46,246.44
1665,2023-06-09T18:07:30Z,246.4049,246.43,246.4
1666,2023-06-09T18:07:40Z,246.5059,246.52,246.5
1667,2023-06-09T18:07:50Z,246.71,246.72,246.69
1668,2023-06-09T18:08:00Z,246.8973,246.9,246.87
1669,2023-06-09T18:08:10Z,246.6824,246.71,246.68
1670,2023-06-09T18:08:20Z,246.6888,246.7,246.67
1671,2023-06-09T18:08:30Z,246.81,246.82,246.8
1672,2023-06-09T18:08:40Z,246.8,246.82,246.79
1673,2023-06-09T18:08:50Z,246.8,246.8,246.77
1674,2023-06-09T18:09:00Z,246.8399,246.84,246.8
1675,2023-06-09T18:09:10Z,246.61,246.63,246.6
1676,2023-06-09T18:09:20Z,246.65,246.67,246.65
1677,2023-06-09T18:09:30Z,246.6699,246.67,246.64
1678,2023-06-09T18:09:40Z,246.77,246.79,246.74
1679,2023-06-09T18:09:50Z,246.835,246.85,246.83
1680,2023-06-09T18:10:00Z,246.836,246.85,246.82
1681,2023-06-09T18:10:10Z,247.06,247.06,247.05
1682,2023-06-09T18:10:20Z,247.12,247.13,247.11
1683,2023-06-09T18:10:30Z,247.0936,247.1,247.07
1684,2023-06-09T18:10:40Z,247.09,247.08,247.06
1685,2023-06-09T18:10:50Z,247.0583,247.06,247.02
1686,2023-06-09T18:11:00Z,247.08,247.09,247.07
1687,2023-06-09T18:11:10Z,247.065,247.08,247.05
1688,2023-06-09T18:11:20Z,247.05,247.06,247.03
1689,2023-06-09T18:11:30Z,247.11,247.14,247.11
1690,2023-06-09T18:11:40Z,247.04,247.07,247.03
1691,2023-06-09T18:11:50Z,247.26,247.26,247.24
1692,2023-06-09T18:12:00Z,247.2641,247.3,247.26
1693,2023-06-09T18:12:10Z,247.2501,247.29,247.25
1694,2023-06-09T18:12:20Z,247.185,247.22,247.18
1695,2023-06-09T18:12:30Z,247.12,247.13,247.11
1696,2023-06-09T18:12:40Z,247.2701,247.3,247.27
1697,2023-06-09T18:12:50Z,247.4393,247.44,247.42
1698,2023-06-09T18:13:00Z,247.4901,247.5,247.49
1699,2023-06-09T18:13:10Z,247.4695,247.47,247.45
1700,2023-06-09T18:13:20Z,247.4801,247.51,247.48
1701,2023-06-09T18:13:30Z,247.4389,247.44,247.42
1702,2023-06-09T18:13:40Z,247.16,247.18,247.14
1703,2023-06-09T18:13:50Z,247.12,247.14,247.12
1704,2023-06-09T18:14:00Z,246.9999,247.0,246.98
1705,2023-06-09T18:14:10Z,247.17,247.17,247.14
1706,2023-06-09T18:14:20Z,247.1,247.12,247.07
1707,2023-06-09T18:14:30Z,247.0609,247.09,247.06
1708,2023-06-09T18:14:40Z,246.905,246.92,246.89
1709,2023-06-09T18:14:50Z,247.005,247.02,246.99
1710,2023-06-09T18:15:00Z,246.8125,246.84,246.81
1711,2023-06-09T18:15:10Z,246.65,246.67,246.63
1712,2023-06-09T18:15:20Z,246.8999,246.92,246.88
1713,2023-06-09T18:15:30Z,246.8996,246.9,246.88
1714,2023-06-09T18:15:40Z,246.85,246.86,246.83
1715,2023-06-09T18:15:50Z,246.9648,246.98,246.95
1716,2023-06-09T18:16:00Z,246.84,246.86,246.83
1717,2023-06-09T18:16:10Z,246.775,246.8,246.74
1718,2023-06-09T18:16:20Z,246.45,246.45,246.43
1719,2023-06-09T18:16:30Z,246.5457,246.55,246.52
1720,2023-06-09T18:16:40Z,246.6359,246.64,246.61
1721,2023-06-09T18:16:50Z,246.5713,246.59,246.56
1722,2023-06-09T18:17:00Z,246.5,246.53,246.5
1723,2023-06-09T18:17:10Z,246.44,246.48,246.45
1724,2023-06-09T18:17:20Z,246.4899,246.49,246.45
1725,2023-06-09T18:17:30Z,246.3042,246.34,246.3
1726,2023-06-09T18:17:40Z,246.2182,246.23,246.2
1727,2023-06-09T18:17:50Z,246.12,246.13,246.11
1728,2023-06-09T18:18:00Z,246.3193,246.32,246.31
1729,2023-06-09T18:18:10Z,246.15,246.16,246.12
1730,2023-06-09T18:18:20Z,246.19,246.17,246.14
1731,2023-06-09T18:18:30Z,246.27,246.28,246.25
1732,2023-06-09T18:18:40Z,246.31,246.32,246.3
1733,2023-06-09T18:18:50Z,246.212,246.22,246.21
1734,2023-06-09T18:19:00Z,246.365,246.38,246.35
1735,2023-06-09T18:19:10Z,246.39,246.42,246.38
1736,2023-06-09T18:19:20Z,246.2718,246.29,246.27
1737,2023-06-09T18:19:30Z,246.3,246.33,246.29
1738,2023-06-09T18:19:40Z,246.42,246.44,246.41
1739,2023-06-09T18:19:50Z,246.4534,246.48,246.45
1740,2023-06-09T18:20:00Z,246.5012,246.52,246.5
1741,2023-06-09T18:20:10Z,246.46,246.48,246.45
1742,2023-06-09T18:20:20Z,246.59,246.62,246.59
1743,2023-06-09T18:20:30Z,246.6,246.6,246.57
1744,2023-06-09T18:20:40Z,246.625,246.64,246.61
1745,2023-06-09T18:20:50Z,246.5601,246.58,246.56
1746,2023-06-09T18:21:00Z,246.48,246.49,246.47
1747,2023-06-09T18:21:10Z,246.5657,246.58,246.54
1748,2023-06-09T18:21:20Z,246.63,246.63,246.61
1749,2023-06-09T18:21:30Z,246.66,246.66,246.65
1750,2023-06-09T18:21:40Z,246.78,246.81,246.78
1751,2023-06-09T18:21:50Z,246.9354,246.94,246.91
1752,2023-06-09T18:22:00Z,246.9,246.93,246.9
1753,2023-06-09T18:22:10Z,246.9201,246.95,246.92
1754,2023-06-09T18:22:20Z,247.1082,247.11,247.09
1755,2023-06-09T18:22:30Z,247.1328,247.15,247.11
1756,2023-06-09T18:22:40Z,247.125,247.14,247.1
1757,2023-06-09T18:22:50Z,247.18,247.23,247.18
1758,2023-06-09T18:23:00Z,247.17,247.18,247.16
1759,2023-06-09T18:23:10Z,247.1481,247.15,247.13
1760,2023-06-09T18:23:20Z,247.1411,247.16,247.14
1761,2023-06-09T18:23:30Z,247.0982,247.1,247.08
1762,2023-06-09T18:23:40Z,247.11,247.12,247.09
1763,2023-06-09T18:23:50Z,247.14,247.15,247.12
1764,2023-06-09T18:24:00Z,247.0614,247.08,247.06
1765,2023-06-09T18:24:10Z,247.0999,247.1,247.08
1766,2023-06-09T18:24:20Z,247.035,247.05,247.02
1767,2023-06-09T18:24:30Z,247.08,247.09,247.07
1768,2023-06-09T18:24:40Z,247.1981,247.2,247.18
1769,2023-06-09T18:24:50Z,247.0582,247.08,247.04
1770,2023-06-09T18:25:00Z,247.04,247.06,247.02
1771,2023-06-09T18:25:10Z,247.1301,247.15,247.13
1772,2023-06-09T18:25:20Z,247.0685,247.09,247.06
1773,2023-06-09T18:25:30Z,247.04,247.06,247.02
1774,2023-06-09T18:25:40Z,247.04,247.04,247.01
1775,2023-06-09T18:25:50Z,247.05,247.07,247.04
1776,2023-06-09T18:26:00Z,247.05,247.06,247.03
1777,2023-06-09T18:26:10Z,246.892,246.91,246.87
1778,2023-06-09T18:26:20Z,246.795,246.81,246.78
1779,2023-06-09T18:26:30Z,246.8725,246.88,246.86
1780,2023-06-09T18:26:40Z,246.7287,246.73,246.7
1781,2023-06-09T18:26:50Z,246.785,246.8,246.76
1782,2023-06-09T18:27:00Z,246.7582,246.76,246.74
1783,2023-06-09T18:27:10Z,246.6503,246.66,246.65
1784,2023-06-09T18:27:20Z,246.63,246.64,246.62
1785,2023-06-09T18:27:30Z,246.9,246.91,246.87
1786,2023-06-09T18:27:40Z,246.815,246.83,246.8
1787,2023-06-09T18:27:50Z,246.7832,246.81,246.78
1788,2023-06-09T18:28:00Z,246.7385,246.75,246.73
1789,2023-06-09T18:28:10Z,246.725,246.74,246.71
1790,2023-06-09T18:28:20Z,246.83,246.85,246.83
1791,2023-06-09T18:28:30Z,246.8399,246.84,246.8
1792,2023-06-09T18:28:40Z,246.65,246.65,246.6
1793,2023-06-09T18:28:50Z,246.5991,246.62,246.6
1794,2023-06-09T18:29:00Z,246.5999,246.6,246.55
1795,2023-06-09T18:29:10Z,246.525,246.54,246.51
1796,2023-06-09T18:29:20Z,246.475,246.49,246.47
1797,2023-06-09T18:29:30Z,246.475,246.5,246.45
1798,2023-06-09T18:29:40Z,246.4375,246.46,246.44
1799,2023-06-09T18:29:50Z,246.45,246.47,246.45
1800,2023-06-09T18:30:00Z,246.63,246.63,246.61
1801,2023-06-09T18:30:10Z,246.69,246.72,246.69
1802,2023-06-09T18:30:20Z,246.7498,246.75,246.72
1803,2023-06-09T18:30:30Z,246.62,246.62,246.6
1804,2023-06-09T18:30:40Z,246.58,246.6,246.58
1805,2023-06-09T18:30:50Z,246.5785,246.59,246.57
1806,2023-06-09T18:31:00Z,246.5003,246.51,246.49
1807,2023-06-09T18:31:10Z,246.415,246.43,246.4
1808,2023-06-09T18:31:20Z,246.3601,246.38,246.36
1809,2023-06-09T18:31:30Z,246.265,246.28,246.25
1810,2023-06-09T18:31:40Z,246.1301,246.16,246.13
1811,2023-06-09T18:31:50Z,246.0966,246.11,246.08
1812,2023-06-09T18:32:00Z,245.97,245.98,245.94
1813,2023-06-09T18:32:10Z,245.9031,245.92,245.88
1814,2023-06-09T18:32:20Z,245.8301,245.86,245.83
1815,2023-06-09T18:32:30Z,245.87,245.88,245.85
1816,2023-06-09T18:32:40Z,245.95,245.97,245.94
1817,2023-06-09T18:32:50Z,245.89,245.9,245.88
1818,2023-06-09T18:33:00Z,245.76,245.77,245.75
1819,2023-06-09T18:33:10Z,245.9,245.91,245.89
1820,2023-06-09T18:33:20Z,245.87,245.85,245.82
1821,2023-06-09T18:33:30Z,245.89,245.91,245.88
1822,2023-06-09T18:33:40Z,245.9744,246.0,245.97
1823,2023-06-09T18:33:50Z,246.08,246.08,246.06
1824,2023-06-09T18:34:00Z,246.0635,246.09,246.06
1825,2023-06-09T18:34:10Z,245.9751,246.0,245.97
1826,2023-06-09T18:34:20Z,246.19,246.21,246.19
1827,2023-06-09T18:34:30Z,246.28,246.31,246.27
1828,2023-06-09T18:34:40Z,246.29,246.29,246.27
1829,2023-06-09T18:34:50Z,246.1242,246.15,246.12
1830,2023-06-09T18:35:00Z,246.2099,246.21,246.18
1831,2023-06-09T18:35:10Z,246.07,246.09,246.06
1832,2023-06-09T18:35:20Z,246.05,246.05,246.02
1833,2023-06-09T18:35:30Z,246.1769,246.2,246.17
1834,2023-06-09T18:35:40Z,246.2001,246.22,246.2
1835,2023-06-09T18:35:50Z,246.2199,246.22,246.19
1836,2023-06-09T18:36:00Z,246.0721,246.1,246.07
1837,2023-06-09T18:36:10Z,245.9184,245.92,245.9
1838,2023-06-09T18:36:20Z,245.91,245.93,245.9
1839,2023-06-09T18:36:30Z,246.1983,246.2,246.16
1840,2023-06-09T18:36:40Z,246.0253,246.03,246.0
1841,2023-06-09T18:36:50Z,246.08,246.1,246.07
1842,2023-06-09T18:37:00Z,246.035,246.06,246.02
1843,2023-06-09T18:37:10Z,246.035,246.04,246.02
1844,2023-06-09T18:37:20Z,246.0014,246.02,245.99
1845,2023-06-09T18:37:30Z,245.84,245.84,245.81
1846,2023-06-09T18:37:40Z,245.41,245.44,245.4
1847,2023-06-09T18:37:50Z,245.41,245.45,245.41
1848,2023-06-09T18:38:00Z,245.325,245.34,245.31
1849,2023-06-09T18:38:10Z,245.06,245.07,245.05
1850,2023-06-09T18:38:20Z,244.64,244.64,244.62
1851,2023-06-09T18:38:30Z,244.8025,244.8,244.78
1852,2023-06-09T18:38:40Z,244.91,244.93,244.9
1853,2023-06-09T18:38:50Z,244.975,244.99,244.96
1854,2023-06-09T18:39:00Z,245.17,245.18,245.15
1855,2023-06-09T18:39:10Z,245.085,245.1,245.07
1856,2023-06-09T18:39:20Z,244.98,245.0,244.96
1857,2023-06-09T18:39:30Z,244.7544,244.77,244.75
1858,2023-06-09T18:39:40Z,244.8999,244.91,244.88
1859,2023-06-09T18:39:50Z,244.925,244.93,244.89
1860,2023-06-09T18:40:00Z,244.9953,245.0,244.96
1861,2023-06-09T18:40:10Z,245.315,245.33,245.3
1862,2023-06-09T18:40:20Z,245.19,245.21,245.17
1863,2023-06-09T18:40:30Z,245.2,245.23,245.2
1864,2023-06-09T18:40:40Z,245.13,245.2,245.15
1865,2023-06-09T18:40:50Z,245.1758,245.19,245.16
1866,2023-06-09T18:41:00Z,245.27,245.28,245.25
1867,2023-06-09T18:41:10Z,245.165,245.18,245.15
1868,2023-06-09T18:41:20Z,245.43,245.43,245.4
1869,2023-06-09T18:41:30Z,245.43,245.47,245.44
1870,2023-06-09T18:41:40Z,245.22,245.24,245.18
1871,2023-06-09T18:41:50Z,245.2,245.23,245.2
1872,2023-06-09T18:42:00Z,245.2382,245.24,245.22
1873,2023-06-09T18:42:10Z,245.05,245.09,245.05
1874,2023-06-09T18:42:20Z,244.93,244.96,244.93
1875,2023-06-09T18:42:30Z,245.07,245.1,245.07
1876,2023-06-09T18:42:40Z,244.93,244.93,244.9
1877,2023-06-09T18:42:50Z,244.812,244.84,244.8
1878,2023-06-09T18:43:00Z,244.885,244.9,244.88
1879,2023-06-09T18:43:10Z,244.5401,244.56,244.52
1880,2023-06-09T18:43:20Z,244.49,244.51,244.47
1881,2023-06-09T18:43:30Z,244.43,244.43,244.41
1882,2023-06-09T18:43:40Z,244.6,244.61,244.58
1883,2023-06-09T18:43:50Z,244.59,244.59,244.56
1884,2023-06-09T18:44:00Z,244.71,244.73,244.7
1885,2023-06-09T18:44:10Z,244.73,244.74,244.71
1886,2023-06-09T18:44:20Z,244.862,244.88,244.85
1887,2023-06-09T18:44:30Z,244.975,244.99,244.96
1888,2023-06-09T18:44:40Z,244.78,244.79,244.76
1889,2023-06-09T18:44:50Z,244.8,244.84,244.8
1890,2023-06-09T18:45:00Z,244.9,244.92,244.88
1891,2023-06-09T18:45:10Z,244.85,244.87,244.83
1892,2023-06-09T18:45:20Z,244.805,244.83,244.79
1893,2023-06-09T18:45:30Z,244.7899,244.79,244.77
1894,2023-06-09T18:45:40Z,244.8186,244.82,244.78
1895,2023-06-09T18:45:50Z,244.8802,244.89,244.86
1896,2023-06-09T18:46:00Z,244.9675,244.98,244.93
1897,2023-06-09T18:46:10Z,244.8099,244.81,244.77
1898,2023-06-09T18:46:20Z,244.955,244.97,244.94
1899,2023-06-09T18:46:30Z,244.81,244.84,244.81
1900,2023-06-09T18:46:40Z,244.941,244.95,244.92
1901,2023-06-09T18:46:50Z,244.9693,244.98,244.96
1902,2023-06-09T18:47:00Z,244.88,244.89,244.86
1903,2023-06-09T18:47:10Z,244.664,244.68,244.64
1904,2023-06-09T18:47:20Z,244.52,244.55,244.52
1905,2023-06-09T18:47:30Z,244.65,244.67,244.64
1906,2023-06-09T18:47:40Z,244.765,244.78,244.74
1907,2023-06-09T18:47:50Z,244.68,244.7,244.66
1908,2023-06-09T18:48:00Z,244.65,244.65,244.62
1909,2023-06-09T18:48:10Z,244.43,244.44,244.4
1910,2023-06-09T18:48:20Z,244.43,244.45,244.41
1911,2023-06-09T18:48:30Z,244.51,244.53,244.5
1912,2023-06-09T18:48:40Z,244.52,244.53,244.51
1913,2023-06-09T18:48:50Z,244.4114,244.44,244.41
1914,2023-06-09T18:49:00Z,244.42,244.42,244.39
1915,2023-06-09T18:49:10Z,244.5,244.52,244.48
1916,2023-06-09T18:49:20Z,244.23,244.25,244.23
1917,2023-06-09T18:49:30Z,244.2401,244.27,244.24
1918,2023-06-09T18:49:40Z,244.315,244.33,244.3
1919,2023-06-09T18:49:50Z,244.138,244.17,244.13
1920,2023-06-09T18:50:00Z,244.17,244.18,244.15
1921,2023-06-09T18:50:10Z,244.39,244.39,244.36
1922,2023-06-09T18:50:20Z,244.4,244.44,244.41
1923,2023-06-09T18:50:30Z,244.3301,244.39,244.35
1924,2023-06-09T18:50:40Z,244.315,244.33,244.31
1925,2023-06-09T18:50:50Z,244.3736,244.38,244.35
1926,2023-06-09T18:51:00Z,244.27,244.28,244.26
1927,2023-06-09T18:51:10Z,244.12,244.13,244.1
1928,2023-06-09T18:51:20Z,244.35,244.35,244.32
1929,2023-06-09T18:51:30Z,244.58,244.61,244.58
1930,2023-06-09T18:51:40Z,244.61,244.6,244.58
1931,2023-06-09T18:51:50Z,244.56,244.59,244.55
1932,2023-06-09T18:52:00Z,244.6557,244.66,244.63
1933,2023-06-09T18:52:10Z,244.7579,244.76,244.73
1934,2023-06-09T18:52:20Z,244.93,244.92,244.9
1935,2023-06-09T18:52:30Z,244.79,244.8,244.78
1936,2023-06-09T18:52:40Z,244.94,244.95,244.92
1937,2023-06-09T18:52:50Z,244.85,244.88,244.85
1938,2023-06-09T18:53:00Z,245.01,245.03,244.99
1939,2023-06-09T18:53:10Z,244.8999,244.91,244.87
1940,2023-06-09T18:53:20Z,244.89,244.92,244.89
1941,2023-06-09T18:53:30Z,244.89,244.9,244.88
1942,2023-06-09T18:53:40Z,244.9792,244.98,244.95
1943,2023-06-09T18:53:50Z,245.13,245.16,245.13
1944,2023-06-09T18:54:00Z,245.15,245.16,245.13
1945,2023-06-09T18:54:10Z,245.2499,245.25,245.22
1946,2023-06-09T18:54:20Z,245.055,245.07,245.04
1947,2023-06-09T18:54:30Z,245.09,245.13,245.1
1948,2023-06-09T18:54:40Z,245.1493,245.16,245.13
1949,2023-06-09T18:54:50Z,245.1768,245.19,245.16
1950,2023-06-09T18:55:00Z,245.0802,245.11,245.09
1951,2023-06-09T18:55:10Z,244.9999,244.98,244.94
1952,2023-06-09T18:55:20Z,245.12,245.14,245.1
1953,2023-06-09T18:55:30Z,245.2081,245.21,245.18
1954,2023-06-09T18:55:40Z,245.0999,245.1,245.07
1955,2023-06-09T18:55:50Z,245.115,245.14,245.1
1956,2023-06-09T18:56:00Z,245.1592,245.16,245.12
1957,2023-06-09T18:56:10Z,245.13,245.14,245.12
1958,2023-06-09T18:56:20Z,245.1944,245.2,245.17
1959,2023-06-09T18:56:30Z,245.211,245.24,245.2
1960,2023-06-09T18:56:40Z,245.2108,245.24,245.21
1961,2023-06-09T18:56:50Z,245.05,245.07,245.03
1962,2023-06-09T18:57:00Z,245.1601,245.19,245.15
1963,2023-06-09T18:57:10Z,245.195,245.21,245.18
1964,2023-06-09T18:57:20Z,245.1999,245.2,245.18
1965,2023-06-09T18:57:30Z,245.0752,245.1,245.07
1966,2023-06-09T18:57:40Z,245.2004,245.22,245.19
1967,2023-06-09T18:57:50Z,245.32,245.34,245.3
1968,2023-06-09T18:58:00Z,245.4799,245.49,245.46
1969,2023-06-09T18:58:10Z,245.73,245.72,245.69
1970,2023-06-09T18:58:20Z,245.61,245.61,245.58
1971,2023-06-09T18:58:30Z,245.59,245.61,245.58
1972,2023-06-09T18:58:40Z,245.625,245.64,245.61
1973,2023-06-09T18:58:50Z,245.5987,245.6,245.57
1974,2023-06-09T18:59:00Z,245.6,245.62,245.58
1975,2023-06-09T18:59:10Z,245.57,245.6,245.56
1976,2023-06-09T18:59:20Z,245.6309,245.65,245.6
1977,2023-06-09T18:59:30Z,245.55,245.56,245.54
1978,2023-06-09T18:59:40Z,245.3,245.32,245.3
1979,2023-06-09T18:59:50Z,245.385,245.39,245.35
1980,2023-06-09T19:00:00Z,245.4,245.41,245.37
1981,2023-06-09T19:00:10Z,245.3599,245.36,245.34
1982,2023-06-09T19:00:20Z,245.48,245.49,245.47
1983,2023-06-09T19:00:30Z,245.3936,245.41,245.38
1984,2023-06-09T19:00:40Z,245.16,245.18,245.15
1985,2023-06-09T19:00:50Z,245.03,245.06,245.02
1986,2023-06-09T19:01:00Z,244.99,244.99,244.97
1987,2023-06-09T19:01:10Z,245.195,245.21,245.18
1988,2023-06-09T19:01:20Z,245.06,245.09,245.07
1989,2023-06-09T19:01:30Z,244.865,244.87,244.85
1990,2023-06-09T19:01:40Z,244.8301,244.86,244.83
1991,2023-06-09T19:01:50Z,244.86,244.87,244.85
1992,2023-06-09T19:02:00Z,244.7,244.72,244.71
1993,2023-06-09T19:02:10Z,244.6005,244.63,244.57
1994,2023-06-09T19:02:20Z,244.6601,244.71,244.67
1995,2023-06-09T19:02:30Z,244.655,244.67,244.64
1996,2023-06-09T19:02:40Z,244.65,244.65,244.61
1997,2023-06-09T19:02:50Z,244.65,244.66,244.63
1998,2023-06-09T19:03:00Z,244.7101,244.75,244.71
1999,2023-06-09T19:03:10Z,244.4516,244.47,244.45
2000,2023-06-09T19:03:20Z,244.6,244.62,244.59
2001,2023-06-09T19:03:30Z,244.56,244.58,244.57
2002,2023-06-09T19:03:40Z,244.6627,244.67,244.64
2003,2023-06-09T19:03:50Z,244.6392,244.64,244.62
2004,2023-06-09T19:04:00Z,244.64,244.66,244.63
2005,2023-06-09T19:04:10Z,244.65,244.67,244.65
2006,2023-06-09T19:04:20Z,244.66,244.65,244.62
2007,2023-06-09T19:04:30Z,244.68,244.68,244.65
2008,2023-06-09T19:04:40Z,244.82,244.82,244.8
2009,2023-06-09T19:04:50Z,244.875,244.89,244.86
2010,2023-06-09T19:05:00Z,244.8705,244.88,244.85
2011,2023-06-09T19:05:10Z,244.76,244.76,244.74
2012,2023-06-09T19:05:20Z,244.78,244.81,244.77
2013,2023-06-09T19:05:30Z,244.615,244.63,244.6
2014,2023-06-09T19:05:40Z,244.5915,244.61,244.59
2015,2023-06-09T19:05:50Z,244.52,244.55,244.51
2016,2023-06-09T19:06:00Z,244.58,244.59,244.56
2017,2023-06-09T19:06:10Z,244.27,244.28,244.25
2018,2023-06-09T19:06:20Z,244.1,244.14,244.1
2019,2023-06-09T19:06:30Z,243.934,243.96,243.92
2020,2023-06-09T19:06:40Z,243.88,243.89,243.87
2021,2023-06-09T19:06:50Z,243.68,243.71,243.68
2022,2023-06-09T19:07:00Z,243.734,243.74,243.71
2023,2023-06-09T19:07:10Z,243.585,243.6,243.57
2024,2023-06-09T19:07:20Z,243.6086,243.61,243.58
2025,2023-06-09T19:07:30Z,243.58,243.56,243.52
2026,2023-06-09T19:07:40Z,243.6789,243.68,243.64
2027,2023-06-09T19:07:50Z,243.9102,243.93,243.9
2028,2023-06-09T19:08:00Z,243.71,243.74,243.7
2029,2023-06-09T19:08:10Z,243.91,243.93,243.9
2030,2023-06-09T19:08:20Z,243.8919,243.91,243.89
2031,2023-06-09T19:08:30Z,244.02,244.05,244.02
2032,2023-06-09T19:08:40Z,243.7399,243.75,243.71
2033,2023-06-09T19:08:50Z,243.94,243.93,243.9
2034,2023-06-09T19:09:00Z,243.8501,243.88,243.85
2035,2023-06-09T19:09:10Z,243.735,243.75,243.72
2036,2023-06-09T19:09:20Z,243.775,243.78,243.77
2037,2023-06-09T19:09:30Z,243.625,243.64,243.61
2038,2023-06-09T19:09:40Z,243.5223,243.55,243.52
2039,2023-06-09T19:09:50Z,243.42,243.42,243.39
2040,2023-06-09T19:10:00Z,243.7227,243.75,243.72
2041,2023-06-09T19:10:10Z,243.8301,243.87,243.83
2042,2023-06-09T19:10:20Z,243.6877,243.7,243.66
2043,2023-06-09T19:10:30Z,243.7887,243.79,243.77
2044,2023-06-09T19:10:40Z,243.715,243.73,243.7
2045,2023-06-09T19:10:50Z,243.725,243.74,243.71
2046,2023-06-09T19:11:00Z,243.655,243.67,243.64
2047,2023-06-09T19:11:10Z,243.7235,243.74,243.71
2048,2023-06-09T19:11:20Z,243.7646,243.75,243.73
2049,2023-06-09T19:11:30Z,243.72,243.74,243.71
2050,2023-06-09T19:11:40Z,243.71,243.74,243.7
2051,2023-06-09T19:11:50Z,243.8999,243.91,243.89
2052,2023-06-09T19:12:00Z,243.9726,243.99,243.96
2053,2023-06-09T19:12:10Z,244.1199,244.12,244.09
2054,2023-06-09T19:12:20Z,244.185,244.21,244.16
2055,2023-06-09T19:12:30Z,244.3001,244.33,244.29
2056,2023-06-09T19:12:40Z,244.37,244.37,244.34
2057,2023-06-09T19:12:50Z,244.2098,244.21,244.18
2058,2023-06-09T19:13:00Z,244.2599,244.26,244.24
2059,2023-06-09T19:13:10Z,244.3,244.32,244.28
2060,2023-06-09T19:13:20Z,244.37,244.39,244.35
2061,2023-06-09T19:13:30Z,244.33,244.33,244.29
2062,2023-06-09T19:13:40Z,244.42,244.43,244.4
2063,2023-06-09T19:13:50Z,244.3,244.34,244.3
2064,2023-06-09T19:14:00Z,244.29,244.29,244.28
2065,2023-06-09T19:14:10Z,244.3801,244.42,244.39
2066,2023-06-09T19:14:20Z,244.34,244.35,244.32
2067,2023-06-09T19:14:30Z,244.37,244.39,244.37
2068,2023-06-09T19:14:40Z,244.16,244.18,244.14
2069,2023-06-09T19:14:50Z,244.16,244.18,244.14
2070,2023-06-09T19:15:00Z,244.17,244.2,244.15
2071,2023-06-09T19:15:10Z,244.1619,244.19,244.15
2072,2023-06-09T19:15:20Z,244.0372,244.04,244.01
2073,2023-06-09T19:15:30Z,244.1953,244.19,244.16
2074,2023-06-09T19:15:40Z,244.1,244.12,244.08
2075,2023-06-09T19:15:50Z,243.7252,243.77,243.74
2076,2023-06-09T19:16:00Z,243.82,243.82,243.78
2077,2023-06-09T19:16:10Z,243.5215,243.55,243.51
2078,2023-06-09T19:16:20Z,243.67,243.69,243.65
2079,2023-06-09T19:16:30Z,243.65,243.66,243.62
2080,2023-06-09T19:16:40Z,243.8558,243.88,243.84
2081,2023-06-09T19:16:50Z,243.9375,243.94,243.91
2082,2023-06-09T19:17:00Z,243.8167,243.82,243.79
2083,2023-06-09T19:17:10Z,243.6499,243.65,243.61
2084,2023-06-09T19:17:20Z,243.645,243.66,243.63
2085,2023-06-09T19:17:30Z,243.9616,243.99,243.95
2086,2023-06-09T19:17:40Z,244.0666,244.08,244.05
2087,2023-06-09T19:17:50Z,244.03,244.03,244.0
2088,2023-06-09T19:18:00Z,244.12,244.12,244.09
2089,2023-06-09T19:18:10Z,244.14,244.16,244.12
2090,2023-06-09T19:18:20Z,244.1416,244.17,244.14
2091,2023-06-09T19:18:30Z,244.161,244.17,244.15
2092,2023-06-09T19:18:40Z,244.19,244.2,244.18
2093,2023-06-09T19:18:50Z,244.285,244.31,244.27
2094,2023-06-09T19:19:00Z,244.4299,244.43,244.38
2095,2023-06-09T19:19:10Z,244.4186,244.42,244.38
2096,2023-06-09T19:19:20Z,244.52,244.53,244.5
2097,2023-06-09T19:19:30Z,244.64,244.66,244.62
2098,2023-06-09T19:19:40Z,244.59,244.59,244.57
2099,2023-06-09T19:19:50Z,244.6648,244.68,244.64
2100,2023-06-09T19:20:00Z,244.62,244.62,244.6
2101,2023-06-09T19:20:10Z,244.605,244.61,244.59
2102,2023-06-09T19:20:20Z,244.642,244.67,244.64
2103,2023-06-09T19:20:30Z,244.6601,244.7,244.65
2104,2023-06-09T19:20:40Z,244.6433,244.66,244.63
2105,2023-06-09T19:20:50Z,244.63,244.65,244.61
2106,2023-06-09T19:21:00Z,244.6818,244.7,244.68
2107,2023-06-09T19:21:10Z,244.61,244.62,244.6
2108,2023-06-09T19:21:20Z,244.468,244.48,244.45
2109,2023-06-09T19:21:30Z,244.6,244.61,244.58
2110,2023-06-09T19:21:40Z,244.6944,244.7,244.67
2111,2023-06-09T19:21:50Z,244.61,244.62,244.6
2112,2023-06-09T19:22:00Z,244.5465,244.54,244.5
2113,2023-06-09T19:22:10Z,244.3735,244.39,244.36
2114,2023-06-09T19:22:20Z,244.415,244.44,244.39
2115,2023-06-09T19:22:30Z,244.495,244.51,244.48
2116,2023-06-09T19:22:40Z,244.645,244.66,244.63
2117,2023-06-09T19:22:50Z,244.651,244.67,244.65
2118,2023-06-09T19:23:00Z,244.5,244.5,244.47
2119,2023-06-09T19:23:10Z,244.459,244.46,244.44
2120,2023-06-09T19:23:20Z,244.51,244.53,244.49
2121,2023-06-09T19:23:30Z,244.505,244.52,244.49
2122,2023-06-09T19:23:40Z,244.51,244.51,244.48
2123,2023-06-09T19:23:50Z,244.4994,244.5,244.48
