,Time,VolumeSum,Ask,Bid,Buy Action,Sell Action,Gain
0,2023-06-13T13:01:00Z,12.10000000000042,253.38,253.24,True,False,-253.38
1,2023-06-13T13:02:10Z,2.9899999999997817,253.48,253.45,False,False,
2,2023-06-13T13:02:30Z,-8.000000000005459,253.59,253.43,False,True,253.43
3,2023-06-13T13:02:40Z,4.860000000000184,253.61,253.51,True,False,-253.61
4,2023-06-13T13:04:00Z,7.999999999998408,253.65,253.6,False,False,
5,2023-06-13T13:06:00Z,2.009999999998172,253.69,253.62,False,False,
6,2023-06-13T13:07:00Z,0.08000000000004093,253.86,253.75,False,False,
7,2023-06-13T13:11:20Z,5.999999999994543,254.44,254.4,False,False,
8,2023-06-13T13:11:30Z,0.09999999999990905,254.39,254.3,False,False,
9,2023-06-13T13:16:20Z,15.999999999996817,254.24,254.21,False,False,
10,2023-06-13T13:16:50Z,2.000000000001023,254.26,254.17,False,False,
11,2023-06-13T13:18:00Z,0.9999999999990905,254.05,254.0,False,False,
12,2023-06-13T13:19:00Z,2.0000000000038654,254.05,254.02,False,False,
13,2023-06-13T13:20:20Z,0.30000000000001137,254.09,254.0,False,False,
14,2023-06-13T13:21:50Z,6.000000000000227,253.89,253.78,False,False,
15,2023-06-13T13:23:50Z,0.12000000000000455,253.84,253.75,False,False,
16,2023-06-13T13:25:50Z,1.999999999998181,253.8,253.78,False,False,
17,2023-06-13T13:27:00Z,0.030000000000001137,253.85,253.8,False,False,
18,2023-06-13T13:28:20Z,-19.99999999998864,253.73,253.69,False,True,253.69
19,2023-06-13T13:28:40Z,0.260000000000133,253.64,253.56,True,False,-253.64
20,2023-06-13T13:28:50Z,15.960000000001173,253.58,253.55,False,False,
21,2023-06-13T13:30:10Z,1.28999999999985,253.29,253.17,False,False,
22,2023-06-13T13:30:20Z,12.5,252.72,252.62,False,False,
23,2023-06-13T13:30:40Z,-1.0412504192203187e-12,253.53,253.44,False,True,253.44
24,2023-06-13T13:31:10Z,5.93019999999359,254.45,254.37,True,False,-254.45
25,2023-06-13T13:32:50Z,2.616000000002714,254.08,254.04,False,False,
26,2023-06-13T13:33:10Z,-59.9600000000157,253.82,253.75,False,True,253.75
27,2023-06-13T13:33:50Z,24.520000000012544,255.11,255.02,True,False,-255.11
28,2023-06-13T13:34:30Z,12.207599999999502,254.85,254.77,False,False,
29,2023-06-13T13:35:20Z,7.062299999998004,255.5,255.4,False,False,
30,2023-06-13T13:36:40Z,0.016200000000537784,254.34,254.28,False,False,
31,2023-06-13T13:37:50Z,1.846800000002986,254.29,254.24,False,False,
32,2023-06-13T13:38:00Z,2.3100000000044645,253.98,253.93,False,False,
33,2023-06-13T13:38:30Z,6.537600000005909,254.15,254.07,False,False,
34,2023-06-13T13:38:50Z,53.899999999990314,254.12,254.07,False,False,
35,2023-06-13T13:39:10Z,8.700899999999365,254.21,254.17,False,False,
36,2023-06-13T13:40:20Z,-12.94000000000202,253.92,253.87,False,True,253.87
37,2023-06-13T13:40:30Z,6.2399999999987585,253.94,253.9,True,False,-253.94
38,2023-06-13T13:40:50Z,43.60279999999304,253.83,253.78,False,False,
39,2023-06-13T13:42:00Z,0.03359999999975116,254.22,254.15,False,False,
40,2023-06-13T13:42:10Z,2.688000000001921,254.53,254.47,False,False,
41,2023-06-13T13:42:20Z,-30.280000000008233,254.41,254.37,False,True,254.37
42,2023-06-13T13:42:40Z,0.4399999999995998,254.5,254.45,True,False,-254.5
43,2023-06-13T13:42:50Z,22.89999999999708,254.48,254.44,False,False,
44,2023-06-13T13:43:00Z,14.880000000000564,254.79,254.75,False,False,
45,2023-06-13T13:43:10Z,3.168000000001996,255.19,255.13,False,False,
46,2023-06-13T13:43:20Z,2.1499999999980446,255.03,255.0,False,False,
47,2023-06-13T13:45:00Z,11.000000000005627,254.26,254.22,False,False,
48,2023-06-13T13:45:20Z,6.990000000000265,254.48,254.43,False,False,
49,2023-06-13T13:45:30Z,-0.9899999999990999,254.12,254.08,False,True,254.08
50,2023-06-13T13:46:10Z,99.25999999999618,253.88,253.83,True,False,-253.88
51,2023-06-13T13:47:30Z,-2.719999999998161,253.49,253.45,False,True,253.45
52,2023-06-13T13:48:30Z,3.8288000000005127,253.1,253.05,True,False,-253.1
53,2023-06-13T13:50:00Z,18.064999999996616,253.65,253.61,False,False,
54,2023-06-13T13:50:30Z,28.139999999997258,253.3,253.25,False,False,
55,2023-06-13T13:51:40Z,4.800000000000182,253.46,253.43,False,False,
56,2023-06-13T13:52:00Z,10.670000000001352,253.63,253.6,False,False,
57,2023-06-13T13:52:10Z,35.23999999999725,253.94,253.91,False,False,
58,2023-06-13T13:53:40Z,1.0564000000007638,254.16,254.12,False,False,
59,2023-06-13T13:54:20Z,66.94999999999004,254.05,254.01,False,False,
60,2023-06-13T13:55:10Z,6.000000000000227,254.2,254.14,False,False,
61,2023-06-13T13:56:20Z,0.4700000000013915,254.18,254.14,False,False,
62,2023-06-13T13:57:00Z,0.1814999999997724,254.2,254.15,False,False,
63,2023-06-13T13:57:20Z,3.8100000000001444,254.06,254.03,False,False,
64,2023-06-13T13:58:00Z,15.999999999999886,253.73,253.69,False,False,
65,2023-06-13T13:58:50Z,0.6999999999993634,253.96,253.93,False,False,
66,2023-06-13T13:59:10Z,-7.305822613545843e-13,253.78,253.75,False,True,253.75
67,2023-06-13T13:59:50Z,4.619999999995798,253.14,253.1,True,False,-253.14
68,0.0,0.0,0.0,0.0,0.0,0.0,253.1
69,2023-06-14T13:02:00Z,0.5899999999994634,261.7,261.62,True,False,-261.7
70,2023-06-14T13:05:00Z,11.999999999989086,261.48,261.33,False,False,
71,2023-06-14T13:06:40Z,1.999999999998181,260.66,260.61,False,False,
72,2023-06-14T13:07:10Z,16.400000000018053,260.45,260.43,False,False,
73,2023-06-14T13:07:40Z,-3.6500000000083004,260.5,260.47,False,True,260.47
74,2023-06-14T13:11:20Z,0.8520000000009986,259.94,259.82,True,False,-259.94
75,2023-06-14T13:12:30Z,1.999999999998181,259.99,259.87,False,False,
76,2023-06-14T13:13:20Z,2.9999999999972715,260.18,260.02,False,False,
77,2023-06-14T13:14:20Z,0.4400000000008504,260.09,260.02,False,False,
78,2023-06-14T13:14:50Z,4.000000000002046,260.12,260.06,False,False,
79,2023-06-14T13:15:50Z,0.009999999999990905,259.91,259.85,False,False,
80,2023-06-14T13:16:20Z,0.9999999999990905,259.67,259.6,False,False,
81,2023-06-14T13:16:40Z,10.720000000003438,259.37,259.3,False,False,
82,2023-06-14T13:18:20Z,0.29999999999972715,259.08,259.0,False,False,
83,2023-06-14T13:21:00Z,1.1940000000004147,258.92,258.84,False,False,
84,2023-06-14T13:21:20Z,15.999999999996817,259.05,258.9,False,False,
85,2023-06-14T13:22:30Z,1.999999999998181,259.32,259.12,False,False,
86,2023-06-14T13:22:40Z,0.6156000000020185,259.4,259.19,False,False,
87,2023-06-14T13:29:30Z,2.2399999999979627,260.12,260.01,False,False,
88,2023-06-14T13:30:10Z,51.000000000004775,259.65,259.48,False,False,
89,2023-06-14T13:30:20Z,-2.999999999994771,259.61,259.5,False,True,259.5
90,2023-06-14T13:30:30Z,-8.02000000000232,260.14,260.03,False,False,
91,2023-06-14T13:31:00Z,-7.610000000013581,259.32,259.2,False,False,
92,2023-06-14T13:31:10Z,1.7749999999983856,259.37,259.27,True,False,-259.37
93,2023-06-14T13:31:30Z,4.799999999995634,258.1,258.05,False,False,
94,2023-06-14T13:31:40Z,0.4476000000001932,257.71,257.61,False,False,
95,2023-06-14T13:32:30Z,-3.140000000011693,256.87,256.73,False,True,256.73
96,2023-06-14T13:34:40Z,5.757400000000416,257.82,257.75,True,False,-257.82
97,2023-06-14T13:35:10Z,2.4999999999991473,258.41,258.32,False,False,
98,2023-06-14T13:35:20Z,-0.4999999999970445,258.38,258.29,False,True,258.29
99,2023-06-14T13:36:10Z,11.444400000014639,257.68,257.56,True,False,-257.68
100,2023-06-14T13:36:20Z,1.7711000000006152,257.18,257.09,False,False,
101,2023-06-14T13:36:30Z,107.65780000001166,257.27,257.18,False,False,
102,2023-06-14T13:38:20Z,640.6000000000216,255.77,255.74,False,False,
103,2023-06-14T13:39:00Z,0.009999999999990905,256.59,256.51,False,False,
104,2023-06-14T13:39:10Z,18.240000000011833,256.71,256.67,False,False,
105,2023-06-14T13:39:20Z,-14.035000000005708,256.73,256.68,False,True,256.68
106,2023-06-14T13:39:30Z,8.999999999991815,256.17,256.09,True,False,-256.17
107,2023-06-14T13:39:40Z,6.0000000000030695,255.81,255.74,False,False,
108,2023-06-14T13:39:50Z,0.030000000000001137,255.83,255.77,False,False,
109,2023-06-14T13:40:20Z,-4.69,256.28,256.23,False,True,256.23
110,2023-06-14T13:41:00Z,0.44219999999967285,255.62,255.58,True,False,-255.62
111,2023-06-14T13:41:20Z,2.0000000000038654,256.34,256.28,False,False,
112,2023-06-14T13:42:40Z,2.5304999999949587,256.19,256.13,False,False,
113,2023-06-14T13:42:50Z,3.520000000004643,256.6,256.51,False,False,
114,2023-06-14T13:43:30Z,0.012799999999970169,256.54,256.47,False,False,
115,2023-06-14T13:46:10Z,19.114999999999043,257.27,257.2,False,False,
116,2023-06-14T13:46:20Z,-0.680000000000464,257.32,257.27,False,True,257.27
117,2023-06-14T13:46:40Z,15.140000000001521,257.32,257.27,True,False,-257.32
118,2023-06-14T13:46:50Z,3.8596000000039794,257.6,257.57,False,False,
119,2023-06-14T13:47:00Z,15.174999999986198,257.81,257.76,False,False,
120,2023-06-14T13:47:20Z,1.1550000000025307,258.15,258.11,False,False,
121,2023-06-14T13:47:30Z,3.4999999999968168,257.85,257.81,False,False,
122,2023-06-14T13:47:40Z,5.039999999995416,257.79,257.72,False,False,
123,2023-06-14T13:47:50Z,14.850000000015484,257.85,257.82,False,False,
124,2023-06-14T13:48:00Z,7.130000000002951,257.61,257.54,False,False,
125,2023-06-14T13:48:10Z,10.720000000001619,257.8,257.74,False,False,
126,2023-06-14T13:48:30Z,10.174999999990746,258.2,258.15,False,False,
127,2023-06-14T13:50:20Z,24.360000000000923,256.87,256.82,False,False,
128,2023-06-14T13:51:10Z,0.9999999999990905,257.03,256.98,False,False,
129,2023-06-14T13:51:30Z,3.2399999999970532,257.01,256.97,False,False,
130,2023-06-14T13:54:00Z,4.432299999997781,256.16,256.12,False,False,
131,2023-06-14T13:55:40Z,53.69999999999152,256.79,256.73,False,False,
132,2023-06-14T13:55:50Z,3.999999999996362,256.83,256.77,False,False,
133,2023-06-14T13:57:30Z,12.960000000000491,256.52,256.46,False,False,
134,2023-06-14T13:58:30Z,17.96999999999116,256.63,256.57,False,False,
135,2023-06-14T13:59:20Z,1.9900000000006912,257.3,257.25,False,False,
136,0.0,0.0,0.0,0.0,0.0,0.0,256.9
137,2023-06-15T13:00:30Z,3.0299999999972442,249.09,249.01,True,False,-249.09
138,2023-06-15T13:01:10Z,0.3200000000001637,249.22,249.04,False,False,
139,2023-06-15T13:02:10Z,18.159999999999854,249.25,249.17,False,False,
140,2023-06-15T13:03:00Z,8.79999999999825,249.15,249.06,False,False,
141,2023-06-15T13:04:50Z,2.849999999997408,249.77,249.72,False,False,
142,2023-06-15T13:06:40Z,1.0000000000019327,250.19,250.1,False,False,
143,2023-06-15T13:07:00Z,1.0000000000019327,250.19,250.1,False,False,
144,2023-06-15T13:13:40Z,5.18999999999528,250.09,250.03,False,False,
145,2023-06-15T13:14:10Z,2.53999999999769,250.14,250.06,False,False,
146,2023-06-15T13:15:10Z,0.5000000000001137,250.55,250.4,False,False,
147,2023-06-15T13:15:50Z,2.8900000000021464,250.35,250.3,False,False,
148,2023-06-15T13:16:10Z,0.029999999999972715,250.39,250.32,False,False,
149,2023-06-15T13:20:30Z,10.95000000000249,250.45,250.35,False,False,
150,2023-06-15T13:20:50Z,-12.000000000008187,250.43,250.31,False,True,250.31
151,2023-06-15T13:21:20Z,40.320000000004256,250.29,250.15,True,False,-250.29
152,2023-06-15T13:21:40Z,0.31999999999993634,250.22,250.08,False,False,
153,2023-06-15T13:25:10Z,0.09999999999990905,249.69,249.37,False,False,
154,2023-06-15T13:25:20Z,8.760000000004482,249.58,249.42,False,False,
155,2023-06-15T13:28:30Z,34.20000000000698,248.69,248.55,False,False,
156,2023-06-15T13:29:50Z,19.999999999998863,248.62,248.4,False,False,
157,2023-06-15T13:30:00Z,7.6800000000048385,248.5,248.35,False,False,
158,2023-06-15T13:30:10Z,2.4899999999999523,247.7,247.61,False,False,
159,2023-06-15T13:30:20Z,189.53999999998723,247.43,247.32,False,False,
160,2023-06-15T13:30:40Z,8.811899999997138,249.25,249.2,False,False,
161,2023-06-15T13:32:20Z,-1.035000000003452,251.63,251.49,False,True,251.49
162,2023-06-15T13:33:30Z,7.6872000000027185,250.74,250.66,True,False,-250.74
163,2023-06-15T13:33:50Z,23.680000000002394,250.65,250.56,False,False,
164,2023-06-15T13:34:20Z,-3.999999999999887,250.65,250.57,False,True,250.57
165,2023-06-15T13:34:40Z,-3.4780000000022486,251.56,251.45,False,False,
166,2023-06-15T13:34:50Z,31.900000000014472,251.04,250.95,True,False,-251.04
167,2023-06-15T13:35:20Z,0.5000000000023874,251.66,251.58,False,False,
168,2023-06-15T13:35:30Z,42.40000000000293,250.95,250.9,False,False,
169,2023-06-15T13:35:50Z,-3.4139358007223564e-13,251.29,251.21,False,True,251.21
170,2023-06-15T13:37:50Z,39.60000000001003,250.98,250.97,True,False,-250.98
171,2023-06-15T13:38:10Z,-0.4070999999998651,251.5,251.41,False,True,251.41
172,2023-06-15T13:38:20Z,32.02130000001006,251.0,250.94,True,False,-251.0
173,2023-06-15T13:39:10Z,185.00000000001364,251.82,251.73,False,False,
174,2023-06-15T13:39:20Z,70.27999999999963,252.25,252.2,False,False,
175,2023-06-15T13:39:30Z,-18.62730000000887,252.89,252.83,False,True,252.83
176,2023-06-15T13:39:40Z,-0.8850000000010734,252.98,252.93,False,False,
177,2023-06-15T13:39:50Z,16.599999999984902,252.72,252.63,True,False,-252.72
178,2023-06-15T13:40:00Z,70.34999999998973,252.87,252.83,False,False,
179,2023-06-15T13:40:30Z,2.5400000000012994,252.79,252.74,False,False,
180,2023-06-15T13:40:40Z,6.960000000004982,252.71,252.67,False,False,
181,2023-06-15T13:41:00Z,45.067900000013,252.8,252.75,False,False,
182,2023-06-15T13:41:30Z,1.0399999999975762,252.71,252.65,False,False,
183,2023-06-15T13:42:00Z,19.559999999998468,252.74,252.69,False,False,
184,2023-06-15T13:42:20Z,4.397000000000446,252.93,252.9,False,False,
185,2023-06-15T13:42:30Z,0.47249999999957026,253.28,253.23,False,False,
186,2023-06-15T13:43:00Z,1.5200000000014313,253.29,253.25,False,False,
187,2023-06-15T13:43:30Z,6.319999999998345,252.62,252.58,False,False,
188,2023-06-15T13:43:40Z,1.3899999999987358,252.79,252.74,False,False,
189,2023-06-15T13:44:00Z,6.999999999999318,253.17,253.15,False,False,
190,2023-06-15T13:45:20Z,0.3500000000016712,253.85,253.8,False,False,
191,2023-06-15T13:45:30Z,7.00000000000216,253.73,253.66,False,False,
192,2023-06-15T13:45:40Z,12.549999999999528,253.77,253.72,False,False,
193,2023-06-15T13:46:10Z,0.9899999999987585,253.54,253.5,False,False,
194,2023-06-15T13:46:30Z,0.9999999999990905,253.25,253.19,False,False,
195,2023-06-15T13:46:50Z,6.750000000000256,253.59,253.53,False,False,
196,2023-06-15T13:47:00Z,8.165000000003204,253.74,253.71,False,False,
197,2023-06-15T13:47:10Z,-5.160000000003521,253.83,253.79,False,True,253.79
198,2023-06-15T13:47:30Z,-1.8600000000000185,253.38,253.28,False,False,
199,2023-06-15T13:47:40Z,1.0000000000019327,253.05,253.01,True,False,-253.05
200,2023-06-15T13:47:50Z,50.27229999999847,253.02,252.98,False,False,
201,2023-06-15T13:48:20Z,-3.4139358007223564e-13,253.71,253.65,False,True,253.65
202,2023-06-15T13:49:00Z,1.1032000000000153,253.54,253.5,True,False,-253.54
203,2023-06-15T13:49:20Z,0.7200000000011642,253.28,253.23,False,False,
204,2023-06-15T13:50:20Z,0.9999999999990905,254.28,254.22,False,False,
205,2023-06-15T13:50:40Z,27.700000000002092,254.56,254.54,False,False,
206,2023-06-15T13:52:20Z,1.8100000000004002,254.99,254.95,False,False,
207,2023-06-15T13:53:10Z,4.400000000002251,254.83,254.79,False,False,
208,2023-06-15T13:53:20Z,1.534400000000005,254.98,254.93,False,False,
209,2023-06-15T13:54:00Z,4.999999999998295,255.23,255.21,False,False,
210,2023-06-15T13:54:30Z,5.369999999997958,254.92,254.89,False,False,
211,2023-06-15T13:56:40Z,0.6799999999998363,254.31,254.26,False,False,
212,2023-06-15T13:57:00Z,0.3942000000000405,254.24,254.19,False,False,
213,2023-06-15T13:57:50Z,4.0699999999982595,254.86,254.81,False,False,
214,2023-06-15T13:58:00Z,6.87000000000026,254.43,254.35,False,False,
215,2023-06-15T13:58:10Z,11.790000000003289,254.33,254.29,False,False,
216,2023-06-15T13:59:40Z,0.9999999999990905,254.48,254.42,False,False,
217,0.0,0.0,0.0,0.0,0.0,0.0,254.34
218,2023-06-16T13:02:50Z,0.040000000000020464,257.83,257.75,True,False,-257.83
219,2023-06-16T13:04:20Z,2.9999999999972715,257.74,257.7,False,False,
220,2023-06-16T13:04:40Z,43.12799999997878,257.73,257.66,False,False,
221,2023-06-16T13:07:10Z,3.9599999999836655,257.47,257.4,False,False,
222,2023-06-16T13:07:20Z,5.959999999987531,257.47,257.42,False,False,
223,2023-06-16T13:10:00Z,29.999999999972715,257.23,257.11,False,False,
224,2023-06-16T13:10:30Z,6.9999999999936335,256.82,256.71,False,False,
225,2023-06-16T13:18:40Z,0.09999999999990905,257.86,257.8,False,False,
226,2023-06-16T13:20:10Z,6.000000000011596,257.87,257.84,False,False,
227,2023-06-16T13:25:30Z,2.5000000000005684,258.45,258.3,False,False,
228,2023-06-16T13:26:20Z,5.999999999994543,258.3,258.28,False,False,
229,2023-06-16T13:26:30Z,0.20000000000038654,258.39,258.28,False,False,
230,2023-06-16T13:26:50Z,0.25999999999976353,258.35,258.3,False,False,
231,2023-06-16T13:28:20Z,5.000000000006821,258.86,258.74,False,False,
232,2023-06-16T13:28:30Z,519.3600000000197,258.84,258.69,False,False,
233,2023-06-16T13:29:30Z,-26.46000000002016,259.02,259.0,False,True,259.0
234,2023-06-16T13:29:40Z,30.400000000015552,259.17,259.09,True,False,-259.17
235,2023-06-16T13:30:00Z,-155.99999999997956,259.3,259.24,False,True,259.24
236,2023-06-16T13:30:10Z,11.12500000005241,258.53,258.4,True,False,-258.53
237,2023-06-16T13:30:20Z,-0.9999999999998864,258.77,258.66,False,True,258.66
238,2023-06-16T13:30:30Z,120.94280000001095,259.6,259.53,True,False,-259.6
239,2023-06-16T13:30:40Z,3.999999999996362,259.57,259.44,False,False,
240,2023-06-16T13:31:20Z,0.05499999999994998,257.86,257.72,False,False,
241,2023-06-16T13:31:30Z,-32.00000000001796,258.22,258.07,False,True,258.07
242,2023-06-16T13:32:10Z,45.00000000003865,258.21,258.14,True,False,-258.21
243,2023-06-16T13:32:30Z,-32.950000000015095,258.58,258.49,False,True,258.49
244,2023-06-16T13:32:50Z,38.600000000022874,258.37,258.28,True,False,-258.37
245,2023-06-16T13:33:30Z,22.294800000000578,259.12,259.04,False,False,
246,2023-06-16T13:33:40Z,436.6000000000166,259.9,259.84,False,False,
247,2023-06-16T13:34:10Z,-29.959999999979047,259.7,259.58,False,True,259.58
248,2023-06-16T13:34:30Z,76.15139999998053,259.34,259.25,True,False,-259.34
249,2023-06-16T13:35:00Z,1.1199999999973898,259.56,259.46,False,False,
250,2023-06-16T13:35:30Z,0.040000000000020464,259.35,259.23,False,False,
251,2023-06-16T13:35:40Z,83.9999999999975,259.11,259.0,False,False,
252,2023-06-16T13:36:00Z,4.574199999979498,259.61,259.56,False,False,
253,2023-06-16T13:36:10Z,71.90500000000884,259.63,259.53,False,False,
254,2023-06-16T13:36:50Z,0.03600000000005821,259.2,259.13,False,False,
255,2023-06-16T13:37:00Z,93.21979999999735,259.23,259.16,False,False,
256,2023-06-16T13:37:30Z,0.05999999999994543,259.37,259.29,False,False,
257,2023-06-16T13:38:00Z,-3.1835645231126364e-13,259.19,259.14,False,True,259.14
258,2023-06-16T13:38:10Z,5.999999999994543,258.98,258.91,True,False,-258.98
259,2023-06-16T13:38:20Z,12.93500000000654,259.18,259.12,False,False,
260,2023-06-16T13:38:50Z,0.08999999999991815,258.94,258.9,False,False,
261,2023-06-16T13:39:10Z,25.39820000000543,258.15,258.06,False,False,
262,2023-06-16T13:39:50Z,5.600000000001273,259.06,259.04,False,False,
263,2023-06-16T13:40:00Z,3.8729000000007545,259.28,259.23,False,False,
264,2023-06-16T13:40:20Z,0.5599999999997181,259.24,259.18,False,False,
265,2023-06-16T13:40:40Z,-0.020999999999908148,259.38,259.32,False,True,259.32
266,2023-06-16T13:41:30Z,53.03259999998909,258.3,258.19,True,False,-258.3
267,2023-06-16T13:41:40Z,0.12000000000011823,259.02,258.94,False,False,
268,2023-06-16T13:42:00Z,2.070200000001364,259.17,259.1,False,False,
269,2023-06-16T13:42:10Z,3.3299999999969714,258.99,258.92,False,False,
270,2023-06-16T13:42:20Z,0.32279999999946085,258.92,258.86,False,False,
271,2023-06-16T13:42:30Z,0.0900000000002592,259.06,258.99,False,False,
272,2023-06-16T13:42:50Z,31.229700000023627,259.35,259.31,False,False,
273,2023-06-16T13:43:10Z,0.8529999999956317,258.66,258.59,False,False,
274,2023-06-16T13:43:40Z,17.322799999995993,258.52,258.39,False,False,
275,2023-06-16T13:44:30Z,0.0049999999999954525,258.73,258.66,False,False,
276,2023-06-16T13:44:40Z,0.019800000000032014,258.54,258.43,False,False,
277,2023-06-16T13:45:10Z,3.0749999999972033,258.34,258.29,False,False,
278,2023-06-16T13:45:50Z,0.08999999999991815,258.61,258.54,False,False,
279,2023-06-16T13:46:00Z,7.920199999995589,258.85,258.8,False,False,
280,2023-06-16T13:46:20Z,0.08000000000015461,258.93,258.86,False,False,
281,2023-06-16T13:46:30Z,1.0799999999991314,258.89,258.82,False,False,
282,2023-06-16T13:47:00Z,4.2400000000020555,258.93,258.89,False,False,
283,2023-06-16T13:48:00Z,0.11999999999989086,259.09,259.05,False,False,
284,2023-06-16T13:48:20Z,-0.05820000000000619,259.4,259.31,False,True,259.31
285,2023-06-16T13:48:30Z,0.03999999999996362,259.22,259.16,True,False,-259.22
286,2023-06-16T13:49:20Z,0.08000000000038199,259.8,259.78,False,False,
287,2023-06-16T13:49:50Z,1.0511999999969248,260.25,260.2,False,False,
288,2023-06-16T13:50:10Z,4.734999999996944,260.14,260.11,False,False,
289,2023-06-16T13:52:20Z,2.549999999997681,260.78,260.74,False,False,
290,2023-06-16T13:52:50Z,1.2928000000028987,261.35,261.31,False,False,
291,2023-06-16T13:53:00Z,-1.8861999999977075,261.25,261.2,False,True,261.2
292,2023-06-16T13:53:50Z,6.150000000001398,260.96,260.93,True,False,-260.96
293,2023-06-16T13:54:40Z,6.3000000000014325,260.8,260.76,False,False,
294,2023-06-16T13:55:00Z,0.7199999999993452,260.18,260.14,False,False,
295,2023-06-16T13:55:20Z,1.1799999999989268,260.49,260.43,False,False,
296,2023-06-16T13:55:30Z,0.08330000000034943,260.61,260.58,False,False,
297,2023-06-16T13:57:20Z,0.1899999999998272,261.52,261.48,False,False,
298,2023-06-16T13:57:30Z,55.82620000001896,261.59,261.57,False,False,
299,2023-06-16T13:57:40Z,20.600000000011505,261.64,261.63,False,False,
300,2023-06-16T13:58:00Z,0.2200000000004252,261.3,261.26,False,False,
301,2023-06-16T13:58:20Z,0.8850000000003888,261.72,261.69,False,False,
302,2023-06-16T13:58:50Z,2.784999999997467,262.03,261.98,False,False,
303,2023-06-16T13:59:10Z,17.422100000008925,261.98,261.95,False,False,
304,2023-06-16T13:59:50Z,4.039700000001403,262.06,262.02,False,False,
305,0.0,0.0,0.0,0.0,0.0,0.0,262.02
306,2023-06-20T13:00:30Z,0.029999999999972715,262.18,262.05,True,False,-262.18
307,2023-06-20T13:01:10Z,0.6300000000030082,261.98,261.87,False,False,
308,2023-06-20T13:03:50Z,10.000000000019327,261.99,261.92,False,False,
309,2023-06-20T13:05:10Z,0.3200000000003911,261.91,261.82,False,False,
310,2023-06-20T13:05:20Z,2.0299999999981537,261.95,261.89,False,False,
311,2023-06-20T13:05:30Z,3.000000000002956,261.95,261.92,False,False,
312,2023-06-20T13:09:00Z,0.5099999999995362,262.11,262.05,False,False,
313,2023-06-20T13:13:00Z,20.9999999999809,262.03,262.0,False,False,
314,2023-06-20T13:15:20Z,4.000000000007731,261.53,261.42,False,False,
315,2023-06-20T13:16:50Z,0.029999999999972715,261.54,261.5,False,False,
316,2023-06-20T13:19:10Z,6.099999999994452,261.59,261.58,False,False,
317,2023-06-20T13:20:30Z,0.09999999999990905,261.5,261.43,False,False,
318,2023-06-20T13:22:30Z,0.0025000000002251,261.45,261.34,False,False,
319,2023-06-20T13:22:40Z,0.01999999999998181,261.41,261.35,False,False,
320,2023-06-20T13:28:40Z,2.1299999999980628,261.51,261.42,False,False,
321,2023-06-20T13:29:00Z,8.999999999997499,261.61,261.51,False,False,
322,2023-06-20T13:29:30Z,68.00000000003479,261.49,261.22,False,False,
323,2023-06-20T13:30:00Z,43.35999999999137,261.57,261.5,False,False,
324,2023-06-20T13:30:10Z,-7.020000000018065,261.89,261.68,False,True,261.68
325,2023-06-20T13:30:20Z,0.3000000000002956,261.82,261.69,True,False,-261.82
326,2023-06-20T13:30:50Z,13.000000000010914,261.81,261.7,False,False,
327,2023-06-20T13:31:30Z,2.5799999999976535,262.2,262.1,False,False,
328,2023-06-20T13:32:00Z,4.992000000002008,263.19,263.08,False,False,
329,2023-06-20T13:32:10Z,1.0800000000017462,263.08,262.97,False,False,
330,2023-06-20T13:33:30Z,0.43780000000015207,264.45,264.28,False,False,
331,2023-06-20T13:34:00Z,1.3499999999987722,264.4,264.33,False,False,
332,2023-06-20T13:34:20Z,37.73999999997301,264.51,264.45,False,False,
333,2023-06-20T13:34:40Z,0.5099999999995362,264.9,264.82,False,False,
334,2023-06-20T13:35:30Z,3.699999999996635,264.65,264.6,False,False,
335,2023-06-20T13:35:40Z,47.999999999956344,264.93,264.88,False,False,
336,2023-06-20T13:36:00Z,1.3099999999988086,265.08,265.04,False,False,
337,2023-06-20T13:36:40Z,2.7000000000043656,265.19,265.15,False,False,
338,2023-06-20T13:37:00Z,36.599999999993315,265.31,265.22,False,False,
339,2023-06-20T13:37:10Z,-3.2599999999913836,265.15,265.11,False,True,265.11
340,2023-06-20T13:37:20Z,2.9999999999972715,264.94,264.85,True,False,-264.94
341,2023-06-20T13:37:50Z,-32.76289999999129,265.67,265.62,False,True,265.62
342,2023-06-20T13:38:10Z,16.999999999993065,265.28,265.22,True,False,-265.28
343,2023-06-20T13:38:50Z,5.512299999986169,265.3,265.26,False,False,
344,2023-06-20T13:39:20Z,0.8799999999837382,265.45,265.39,False,False,
345,2023-06-20T13:39:30Z,0.15999999999985448,265.5,265.44,False,False,
346,2023-06-20T13:40:00Z,7.356000000009999,265.49,265.43,False,False,
347,2023-06-20T13:40:20Z,2.0000000000038654,265.82,265.74,False,False,
348,2023-06-20T13:41:00Z,1.7649999999983947,265.07,265.02,False,False,
349,2023-06-20T13:41:20Z,53.70000000000539,265.09,265.04,False,False,
350,2023-06-20T13:42:10Z,10.879999999990105,264.87,264.83,False,False,
351,2023-06-20T13:42:30Z,0.9999999999990905,265.05,265.0,False,False,
352,2023-06-20T13:43:00Z,3.459999999996853,264.72,264.67,False,False,
353,2023-06-20T13:43:50Z,5.36670000000106,264.92,264.89,False,False,
354,2023-06-20T13:44:10Z,0.11499999999989541,264.99,264.94,False,False,
355,2023-06-20T13:44:40Z,28.000000000002956,264.87,264.83,False,False,
356,2023-06-20T13:45:10Z,25.0,264.66,264.61,False,False,
357,2023-06-20T13:45:40Z,2.9899999999997817,264.65,264.61,False,False,
358,2023-06-20T13:46:10Z,6.350000000005593,264.55,264.5,False,False,
359,2023-06-20T13:46:30Z,8.199999999992542,264.82,264.79,False,False,
360,2023-06-20T13:46:50Z,6.000000000011596,264.98,264.9,False,False,
361,2023-06-20T13:47:00Z,8.438999999983423,264.98,264.94,False,False,
362,2023-06-20T13:47:40Z,5.160000000005084,265.44,265.38,False,False,
363,2023-06-20T13:49:20Z,2.9199999999973443,266.35,266.3,False,False,
364,2023-06-20T13:52:00Z,9.611500000005208,266.15,266.11,False,False,
365,2023-06-20T13:52:40Z,0.020000000006348273,266.42,266.38,False,False,
366,2023-06-20T13:53:20Z,8.779999999992015,266.45,266.4,False,False,
367,2023-06-20T13:54:10Z,3.450000000010789,265.75,265.7,False,False,
368,2023-06-20T13:54:20Z,1.6999999999825377,265.8,265.73,False,False,
369,2023-06-20T13:54:30Z,0.3599999999996726,265.64,265.6,False,False,
370,2023-06-20T13:54:40Z,19.210000000009586,265.5,265.44,False,False,
371,2023-06-20T13:55:00Z,3.2800000000156615,265.36,265.34,False,False,
372,2023-06-20T13:55:10Z,0.023099999994201426,265.52,265.49,False,False,
373,2023-06-20T13:56:50Z,0.11499999999955435,265.0,264.95,False,False,
374,2023-06-20T13:57:00Z,0.9999999999990905,264.98,264.92,False,False,
375,2023-06-20T13:58:10Z,6.586900000002288,265.86,265.79,False,False,
376,2023-06-20T13:58:30Z,11.4255999999923,265.95,265.93,False,False,
377,2023-06-20T13:58:50Z,8.000000000015461,265.63,265.58,False,False,
378,0.0,0.0,0.0,0.0,0.0,0.0,265.29
379,2023-06-21T13:00:40Z,1.0399999999990541,275.5,275.46,True,False,-275.5
380,2023-06-21T13:01:10Z,-1.9999999999931795,275.66,275.5,False,True,275.5
381,2023-06-21T13:01:20Z,55.01000000000681,275.68,275.63,True,False,-275.68
382,2023-06-21T13:01:40Z,53.66000000000014,275.86,275.72,False,False,
383,2023-06-21T13:06:50Z,2.9999999999972715,275.9,275.84,False,False,
384,2023-06-21T13:09:00Z,1.999999999998181,275.65,275.61,False,False,
385,2023-06-21T13:09:40Z,3.999999999996362,275.64,275.58,False,False,
386,2023-06-21T13:09:50Z,1.999999999998181,275.6,275.56,False,False,
387,2023-06-21T13:10:20Z,0.01999999999998181,275.59,275.45,False,False,
388,2023-06-21T13:11:40Z,2.9999999999972715,275.3,275.17,False,False,
389,2023-06-21T13:15:10Z,2.0000000000038654,275.35,275.3,False,False,
390,2023-06-21T13:15:40Z,5.979999999999563,275.39,275.34,False,False,
391,2023-06-21T13:16:30Z,9.950000000003456,275.24,275.18,False,False,
392,2023-06-21T13:16:40Z,5.999999999994543,275.25,275.2,False,False,
393,2023-06-21T13:18:20Z,1.9200000000012096,274.77,274.67,False,False,
394,2023-06-21T13:23:50Z,0.13999999999987267,274.29,274.24,False,False,
395,2023-06-21T13:24:10Z,6.000000000000227,274.19,274.18,False,False,
396,2023-06-21T13:26:10Z,0.010000000000047748,275.4,275.38,False,False,
397,2023-06-21T13:27:30Z,25.444999999990614,275.45,275.4,False,False,
398,2023-06-21T13:27:50Z,30.00000000000682,275.85,275.63,False,False,
399,2023-06-21T13:28:00Z,-2.5600000000005094,275.87,275.58,False,True,275.58
400,2023-06-21T13:30:10Z,-66.54999999999835,275.61,275.5,False,False,
401,2023-06-21T13:30:20Z,89.55999999999426,274.88,274.8,True,False,-274.88
402,2023-06-21T13:30:50Z,-46.179999999991836,274.23,274.16,False,True,274.16
403,2023-06-21T13:31:00Z,20.318199999983563,273.76,273.7,True,False,-273.76
404,2023-06-21T13:31:40Z,391.24999999997783,274.8,274.7,False,False,
405,2023-06-21T13:31:50Z,1.2600000000000477,275.17,275.09,False,False,
406,2023-06-21T13:32:20Z,159.04000000001724,276.57,276.51,False,False,
407,2023-06-21T13:32:50Z,56.520000000018854,276.43,276.35,False,False,
408,2023-06-21T13:33:00Z,95.87880000001178,276.37,276.32,False,False,
409,2023-06-21T13:33:20Z,127.9000000000039,274.76,274.69,False,False,
410,2023-06-21T13:33:40Z,-17.69799999999758,275.64,275.57,False,True,275.57
411,2023-06-21T13:33:50Z,3.002500000000907,274.0,273.92,True,False,-274.0
412,2023-06-21T13:34:00Z,3.485000000000582,274.44,274.4,False,False,
413,2023-06-21T13:34:10Z,14.184500000006324,274.17,274.09,False,False,
414,2023-06-21T13:35:00Z,212.47999999999365,274.84,274.79,False,False,
415,2023-06-21T13:35:40Z,28.75500000001017,275.45,275.38,False,False,
416,2023-06-21T13:36:00Z,0.37559999999467664,275.55,275.5,False,False,
417,2023-06-21T13:36:20Z,30.99999999998886,275.44,275.41,False,False,
418,2023-06-21T13:37:00Z,-8.595624212404118e-13,275.88,275.84,False,True,275.84
419,2023-06-21T13:37:30Z,8.959999999990487,276.12,276.08,True,False,-276.12
420,2023-06-21T13:37:40Z,8.759999999998968,275.76,275.7,False,False,
421,2023-06-21T13:38:10Z,8.000000000004093,275.4,275.32,False,False,
422,2023-06-21T13:38:40Z,1.9799999999918327,275.37,275.32,False,False,
423,2023-06-21T13:40:00Z,24.12000000002763,276.67,276.64,False,False,
424,2023-06-21T13:40:10Z,52.160800000009374,276.26,276.18,False,False,
425,2023-06-21T13:40:20Z,13.999999999987267,276.31,276.27,False,False,
426,2023-06-21T13:40:30Z,36.88000000001034,276.18,276.13,False,False,
427,2023-06-21T13:41:10Z,14.400000000008959,276.09,276.04,False,False,
428,2023-06-21T13:42:10Z,18.079999999983556,275.75,275.71,False,False,
429,2023-06-21T13:42:30Z,0.5999999999994543,275.32,275.29,False,False,
430,2023-06-21T13:45:20Z,4.919999999995525,275.4,275.35,False,False,
431,2023-06-21T13:45:50Z,12.959999999996683,275.33,275.26,False,False,
432,2023-06-21T13:47:10Z,0.1799999999998363,274.95,274.88,False,False,
433,2023-06-21T13:48:00Z,5.799999999987904,274.78,274.75,False,False,
434,2023-06-21T13:49:30Z,3.999999999996362,272.53,272.47,False,False,
435,2023-06-21T13:50:30Z,36.70500000002039,272.17,272.1,False,False,
436,2023-06-21T13:51:00Z,5.530000000009238,272.15,272.13,False,False,
437,2023-06-21T13:51:20Z,65.22669999997737,272.49,272.44,False,False,
438,2023-06-21T13:52:20Z,1.9799999999918327,272.2,272.14,False,False,
439,2023-06-21T13:52:40Z,0.970199999995998,272.7,272.57,False,False,
440,2023-06-21T13:53:20Z,86.82000000002472,272.08,271.98,False,False,
441,2023-06-21T13:53:50Z,7.059999999993579,271.61,271.57,False,False,
442,2023-06-21T13:54:00Z,1.2527999999822441,271.8,271.75,False,False,
443,2023-06-21T13:54:50Z,12.339999999988777,271.57,271.55,False,False,
444,2023-06-21T13:55:10Z,4.450000000021248,271.67,271.63,False,False,
445,2023-06-21T13:55:20Z,33.279999999977235,271.22,271.18,False,False,
446,2023-06-21T13:57:10Z,102.38319999999942,269.7,269.63,False,False,
447,2023-06-21T13:57:20Z,0.6899999999993724,269.46,269.38,False,False,
448,2023-06-21T13:58:40Z,29.000000000013415,268.61,268.58,False,False,
449,2023-06-21T13:59:40Z,0.23659999999233605,268.54,268.51,False,False,
450,2023-06-21T13:59:50Z,-1.4999999999911333,268.35,268.32,False,True,268.32
451,2023-06-22T13:00:40Z,3.3060000000017453,251.05,251.01,True,False,-251.05
452,2023-06-22T13:03:40Z,1.1399999999990769,251.7,251.48,False,False,
453,2023-06-22T13:03:50Z,0.3000000000001535,251.65,251.5,False,False,
454,2023-06-22T13:04:00Z,0.15999999999996817,251.63,251.5,False,False,
455,2023-06-22T13:04:20Z,3.899999999996453,251.72,251.65,False,False,
456,2023-06-22T13:05:00Z,32.15420000000506,252.19,252.13,False,False,
457,2023-06-22T13:05:30Z,72.00000000000841,252.55,252.5,False,False,
458,2023-06-22T13:06:00Z,1205.9999999996649,252.67,252.61,False,False,
459,2023-06-22T13:06:10Z,-0.6699999999996193,252.9,252.77,False,True,252.77
460,2023-06-22T13:07:20Z,40.00000000000625,252.29,252.18,True,False,-252.29
461,2023-06-22T13:08:00Z,4.419999999998822,252.11,252.01,False,False,
462,2023-06-22T13:08:10Z,1.0000000000019327,252.2,252.02,False,False,
463,2023-06-22T13:08:50Z,1.539999999999111,251.9,251.7,False,False,
464,2023-06-22T13:09:40Z,0.1799999999998363,251.87,251.75,False,False,
465,2023-06-22T13:10:30Z,14.999999999997726,251.7,251.63,False,False,
466,2023-06-22T13:11:20Z,0.20000000000010232,251.72,251.63,False,False,
467,2023-06-22T13:13:30Z,3.0000000000001137,252.13,252.03,False,False,
468,2023-06-22T13:13:50Z,10.000000000005116,251.99,251.8,False,False,
469,2023-06-22T13:15:30Z,0.009600000000006048,251.7,251.6,False,False,
470,2023-06-22T13:16:20Z,0.30000000000001137,251.5,251.37,False,False,
471,2023-06-22T13:17:00Z,0.649999999993156,251.85,251.7,False,False,
472,2023-06-22T13:18:30Z,0.9999999999990905,252.2,252.14,False,False,
473,2023-06-22T13:19:40Z,25.000000000005684,252.1,252.05,False,False,
474,2023-06-22T13:21:30Z,8.000000000004093,251.83,251.62,False,False,
475,2023-06-22T13:22:10Z,0.5599999999994907,251.7,251.62,False,False,
476,2023-06-22T13:22:30Z,0.17999999999744887,251.72,251.7,False,False,
477,2023-06-22T13:23:10Z,0.15839999999963084,251.76,251.71,False,False,
478,2023-06-22T13:26:20Z,0.020000000000010232,251.11,251.03,False,False,
479,2023-06-22T13:27:10Z,3.994999999999038,251.31,251.12,False,False,
480,2023-06-22T13:27:40Z,-160.0112000000123,251.25,251.2,False,True,251.2
481,2023-06-22T13:29:30Z,9.999999999990905,250.75,250.65,True,False,-250.75
482,2023-06-22T13:30:10Z,313.9999999999972,248.74,248.5,False,False,
483,2023-06-22T13:30:20Z,158.65750000000958,248.99,248.79,False,False,
484,2023-06-22T13:30:40Z,20.590000000000487,250.45,250.3,False,False,
485,2023-06-22T13:31:10Z,22.000000000008413,251.1,251.03,False,False,
486,2023-06-22T13:31:20Z,2.3899999999978263,251.8,251.75,False,False,
487,2023-06-22T13:31:30Z,-75.20999999997714,252.49,252.45,False,True,252.45
488,2023-06-22T13:31:40Z,-4.3999999999995,252.63,252.56,False,False,
489,2023-06-22T13:32:00Z,146.74999999998732,253.45,253.34,True,False,-253.45
490,2023-06-22T13:32:20Z,-0.4759999999999332,253.29,253.19,False,True,253.19
491,2023-06-22T13:32:30Z,22.25999999999999,252.62,252.58,True,False,-252.62
492,2023-06-22T13:32:40Z,15.720000000007786,253.5,253.41,False,False,
493,2023-06-22T13:33:00Z,3.090000000000259,254.19,254.11,False,False,
494,2023-06-22T13:33:20Z,5.179999999995289,253.99,253.84,False,False,
495,2023-06-22T13:33:40Z,144.84999999999317,253.88,253.77,False,False,
496,2023-06-22T13:33:50Z,25.070000000008008,254.1,254.03,False,False,
497,2023-06-22T13:34:30Z,113.86999999998315,253.45,253.35,False,False,
498,2023-06-22T13:34:40Z,14.715000000016062,253.62,253.55,False,False,
499,2023-06-22T13:35:00Z,-97.78560000000965,254.68,254.59,False,True,254.59
500,2023-06-22T13:36:10Z,4.421000000002948,253.06,253.0,True,False,-253.06
501,2023-06-22T13:37:10Z,-3.5999999999973404,253.85,253.78,False,True,253.78
502,2023-06-22T13:37:40Z,0.03999999999999204,253.87,253.79,True,False,-253.87
503,2023-06-22T13:38:00Z,91.19999999998697,253.88,253.84,False,False,
504,2023-06-22T13:38:10Z,3.263999999999669,253.88,253.83,False,False,
505,2023-06-22T13:38:40Z,99.49999999997388,253.88,253.85,False,False,
506,2023-06-22T13:39:10Z,48.608999999997536,253.49,253.44,False,False,
507,2023-06-22T13:39:20Z,62.43999999999539,253.8,253.74,False,False,
508,2023-06-22T13:39:50Z,-23.40689999999469,254.62,254.49,False,True,254.49
509,2023-06-22T13:40:00Z,-3.4139358007223564e-13,254.23,254.17,False,False,
510,2023-06-22T13:40:10Z,26.435600000008094,254.08,254.01,True,False,-254.08
511,2023-06-22T13:40:20Z,-4.530000000000687,254.42,254.33,False,True,254.33
512,2023-06-22T13:40:30Z,17.05000000000274,254.11,254.05,True,False,-254.11
513,2023-06-22T13:40:40Z,5.440000000010514,254.46,254.42,False,False,
514,2023-06-22T13:41:10Z,154.59000000000896,254.44,254.4,False,False,
515,2023-06-22T13:41:40Z,4.108499999994848,255.44,255.38,False,False,
516,2023-06-22T13:42:20Z,-8.019999999994416,255.74,255.71,False,True,255.71
517,2023-06-22T13:42:40Z,231.25000000000307,255.47,255.41,True,False,-255.47
518,2023-06-22T13:43:00Z,0.49999999999954525,256.16,256.11,False,False,
519,2023-06-22T13:43:30Z,0.49999999999954525,256.0,255.95,False,False,
520,2023-06-22T13:43:50Z,-2.1000000000021837,256.13,256.11,False,True,256.11
521,2023-06-22T13:44:30Z,51.87999999998965,256.19,256.14,True,False,-256.19
522,2023-06-22T13:44:50Z,0.750000000000739,256.54,256.5,False,False,
523,2023-06-22T13:45:50Z,5.950099999999566,256.89,256.83,False,False,
524,2023-06-22T13:46:50Z,17.03999999999874,256.06,255.99,False,False,
525,2023-06-22T13:49:00Z,16.5599999999921,256.15,256.11,False,False,
526,2023-06-22T13:49:30Z,12.000000000011823,256.25,256.18,False,False,
527,2023-06-22T13:50:10Z,5.000000000006821,256.05,256.0,False,False,
528,2023-06-22T13:51:00Z,0.9999999999990905,256.24,256.21,False,False,
529,2023-06-22T13:51:10Z,1.9800000000032014,256.35,256.3,False,False,
530,2023-06-22T13:52:10Z,119.96299999999081,256.59,256.55,False,False,
531,2023-06-22T13:54:50Z,0.9999999999990905,256.17,256.12,False,False,
532,2023-06-22T13:56:30Z,91.70999999994933,256.11,256.09,False,False,
533,2023-06-22T13:57:00Z,21.999999999997044,256.16,256.12,False,False,
534,2023-06-22T13:57:50Z,-21.99999999999659,255.68,255.66,False,True,255.66
535,2023-06-22T13:58:10Z,0.5199999999995271,255.22,255.17,True,False,-255.22
536,2023-06-22T13:59:30Z,16.949999999999875,254.96,254.86,False,False,
537,0.0,0.0,0.0,0.0,0.0,0.0,254.98
538,2023-06-23T13:01:40Z,1.799999999998363,260.39,260.28,True,False,-260.39
539,2023-06-23T13:05:30Z,0.06999999999948159,260.37,260.26,False,False,
540,2023-06-23T13:08:30Z,2.9999999999972715,259.74,259.62,False,False,
541,2023-06-23T13:10:00Z,0.08000000000009777,259.96,259.81,False,False,
542,2023-06-23T13:10:20Z,7.799999999999727,259.93,259.81,False,False,
543,2023-06-23T13:11:50Z,0.13520000000153232,259.8,259.71,False,False,
544,2023-06-23T13:14:30Z,3.0099999999972624,259.92,259.84,False,False,
545,2023-06-23T13:16:50Z,5.850000000027933,259.4,259.35,False,False,
546,2023-06-23T13:17:40Z,0.09999999999990905,259.5,259.39,False,False,
547,2023-06-23T13:19:40Z,4.9999999999954525,259.49,259.46,False,False,
548,2023-06-23T13:20:20Z,0.07999999999998408,259.68,259.54,False,False,
549,2023-06-23T13:21:20Z,-22.92000000000933,259.48,259.44,False,True,259.44
550,2023-06-23T13:26:00Z,20.9999999999809,259.62,259.6,True,False,-259.62
551,2023-06-23T13:29:20Z,-2.999999999989769,259.29,259.21,False,True,259.21
552,2023-06-23T13:29:30Z,0.9999999999990905,259.3,259.26,True,False,-259.3
553,2023-06-23T13:30:10Z,27.5,259.15,259.06,False,False,
554,2023-06-23T13:30:20Z,-24.500000000003013,260.19,260.1,False,True,260.1
555,2023-06-23T13:30:30Z,26.24000000000194,260.34,260.26,True,False,-260.34
556,2023-06-23T13:30:40Z,22.00000000000273,260.56,260.5,False,False,
557,2023-06-23T13:31:20Z,73.75509999997678,261.61,261.51,False,False,
558,2023-06-23T13:31:40Z,-8.003000000002965,261.7,261.61,False,True,261.61
559,2023-06-23T13:32:10Z,9.487200000006396,261.3,261.23,True,False,-261.3
560,2023-06-23T13:32:40Z,-6.048772593914009e-13,261.1,261.0,False,True,261.0
561,2023-06-23T13:32:50Z,2.3599999999978536,260.84,260.75,True,False,-260.84
562,2023-06-23T13:33:30Z,32.40000000000123,260.17,260.08,False,False,
563,2023-06-23T13:34:30Z,50.6199999999958,260.43,260.3,False,False,
564,2023-06-23T13:34:40Z,6.540000000006444,260.6,260.5,False,False,
565,2023-06-23T13:34:50Z,0.10640000000034888,260.76,260.68,False,False,
566,2023-06-23T13:35:10Z,179.76000000004433,260.75,260.69,False,False,
567,2023-06-23T13:35:50Z,0.46000000000088903,260.21,260.13,False,False,
568,2023-06-23T13:36:00Z,0.7499999999993179,260.55,260.5,False,False,
569,2023-06-23T13:36:10Z,1.1483999999954904,260.04,259.95,False,False,
570,2023-06-23T13:37:00Z,48.10499999998291,260.27,260.22,False,False,
571,2023-06-23T13:37:20Z,-0.5000000000027288,260.3,260.23,False,True,260.23
572,2023-06-23T13:37:30Z,8.050000000000693,260.46,260.42,True,False,-260.46
573,2023-06-23T13:38:20Z,151.80000000001485,259.54,259.5,False,False,
574,2023-06-23T13:38:40Z,33.774999999976956,260.06,260.01,False,False,
575,2023-06-23T13:39:10Z,143.00000000004047,259.55,259.51,False,False,
576,2023-06-23T13:39:20Z,0.6600000000012756,259.74,259.69,False,False,
577,2023-06-23T13:39:50Z,20.40000000001214,259.47,259.42,False,False,
578,2023-06-23T13:40:40Z,10.000000000013642,258.88,258.81,False,False,
579,2023-06-23T13:41:00Z,-14.661700000040112,258.56,258.5,False,True,258.5
580,2023-06-23T13:41:10Z,62.57000000001551,258.48,258.42,True,False,-258.48
581,2023-06-23T13:42:10Z,5.26600000000326,258.89,258.82,False,False,
582,2023-06-23T13:42:30Z,-34.499999999989086,258.5,258.44,False,True,258.44
583,2023-06-23T13:44:00Z,0.009999999999990905,257.42,257.37,True,False,-257.42
584,2023-06-23T13:44:10Z,1.379999999998745,256.69,256.62,False,False,
585,2023-06-23T13:44:30Z,8.18999999999403,256.88,256.83,False,False,
586,2023-06-23T13:44:50Z,4.9999999999954525,256.9,256.85,False,False,
587,2023-06-23T13:45:10Z,-43.50000000000671,256.8,256.75,False,True,256.75
588,2023-06-23T13:45:20Z,49.95000000001187,256.33,256.26,True,False,-256.33
589,2023-06-23T13:45:30Z,0.6599999999993997,256.11,256.07,False,False,
590,2023-06-23T13:45:40Z,3.00000000000864,256.19,256.13,False,False,
591,2023-06-23T13:46:30Z,5.6429000000001395,255.92,255.87,False,False,
592,2023-06-23T13:48:20Z,7.470000000000283,255.89,255.83,False,False,
593,2023-06-23T13:48:30Z,1.2899999999988268,255.93,255.9,False,False,
594,2023-06-23T13:48:40Z,44.48999999999046,255.72,255.67,False,False,
595,2023-06-23T13:49:10Z,32.41129999999333,255.35,255.24,False,False,
596,2023-06-23T13:49:30Z,1.4999999999992042,255.44,255.39,False,False,
597,2023-06-23T13:49:40Z,-5.059700000004011,255.3,255.24,False,True,255.24
598,2023-06-23T13:50:50Z,9.99999999999801,254.75,254.71,True,False,-254.75
599,2023-06-23T13:51:10Z,9.750000000000512,254.59,254.52,False,False,
600,2023-06-23T13:51:40Z,-1.1350000000061944,254.76,254.71,False,True,254.71
601,2023-06-23T13:52:00Z,8.650000000002933,253.62,253.58,True,False,-253.62
602,2023-06-23T13:52:10Z,30.200000000002888,253.92,253.88,False,False,
603,2023-06-23T13:52:40Z,11.650000000002649,254.25,254.21,False,False,
604,2023-06-23T13:53:40Z,5.499999999994998,254.12,254.06,False,False,
605,2023-06-23T13:54:00Z,1.4299999999986994,254.3,254.27,False,False,
606,2023-06-23T13:54:40Z,30.000000000001137,254.2,254.17,False,False,
607,2023-06-23T13:55:40Z,40.889599999990196,255.13,255.09,False,False,
608,2023-06-23T13:56:20Z,0.4549999999995862,255.13,255.04,False,False,
609,2023-06-23T13:56:40Z,23.91999999998768,255.09,255.06,False,False,
610,2023-06-23T13:56:50Z,2.0000000000038654,255.01,254.96,False,False,
611,2023-06-23T13:57:00Z,14.399999999998698,255.01,254.97,False,False,
612,2023-06-23T13:57:50Z,1.369999999998754,254.99,254.94,False,False,
613,2023-06-23T13:58:20Z,3.490000000000691,254.21,254.13,False,False,
614,2023-06-23T13:59:00Z,5.329999999996232,254.99,254.93,False,False,
615,0.0,0.0,0.0,0.0,0.0,0.0,255.6
616,2023-06-26T13:00:30Z,0.09499999999997044,252.67,252.55,True,False,-252.67
617,2023-06-26T13:01:50Z,15.92000000000553,252.3,252.27,False,False,
618,2023-06-26T13:02:40Z,0.15000000000000568,252.28,252.16,False,False,
619,2023-06-26T13:03:10Z,1.1199999999989814,252.26,252.18,False,False,
620,2023-06-26T13:03:30Z,0.3999999999999204,252.26,252.14,False,False,
621,2023-06-26T13:04:20Z,0.060000000000030695,251.92,251.85,False,False,
622,2023-06-26T13:04:40Z,8.720000000000141,252.0,251.94,False,False,
623,2023-06-26T13:05:40Z,1.0000000000002274,252.18,252.01,False,False,
624,2023-06-26T13:05:50Z,0.008200000000016416,252.18,252.01,False,False,
625,2023-06-26T13:09:00Z,0.20000000000038654,251.8,251.76,False,False,
626,2023-06-26T13:10:20Z,7.500000000000284,251.6,251.54,False,False,
627,2023-06-26T13:11:10Z,1.5399999999999636,251.8,251.75,False,False,
628,2023-06-26T13:13:50Z,0.03999999999996362,251.7,251.65,False,False,
629,2023-06-26T13:14:50Z,22.190000000042886,251.6,251.55,False,False,
630,2023-06-26T13:21:00Z,3.999999999996362,251.5,251.42,False,False,
631,2023-06-26T13:25:50Z,0.3999999999996362,251.2,251.11,False,False,
632,2023-06-26T13:27:30Z,4.999999999998295,250.87,250.8,False,False,
633,2023-06-26T13:27:50Z,0.8600000000001273,250.75,250.66,False,False,
634,2023-06-26T13:28:30Z,10.000000000005116,250.29,250.28,False,False,
635,2023-06-26T13:28:40Z,0.20000000000004547,250.33,250.25,False,False,
636,2023-06-26T13:29:00Z,1.999999999998181,250.39,250.35,False,False,
637,2023-06-26T13:30:10Z,-14.374999999999801,250.79,250.71,False,True,250.71
638,2023-06-26T13:30:20Z,-89.87999999999647,251.2,251.15,False,False,
639,2023-06-26T13:31:10Z,7.199999999997544,252.58,252.47,True,False,-252.58
640,2023-06-26T13:31:40Z,7.3476000000028705,252.05,251.98,False,False,
641,2023-06-26T13:32:50Z,3.242099999998146,252.68,252.61,False,False,
642,2023-06-26T13:33:00Z,25.899999999990087,252.88,252.84,False,False,
643,2023-06-26T13:33:20Z,19.56000000000347,253.34,253.29,False,False,
644,2023-06-26T13:33:50Z,8.199999999997658,254.07,254.01,False,False,
645,2023-06-26T13:34:40Z,5.000000000001137,253.89,253.82,False,False,
646,2023-06-26T13:34:50Z,14.32500000000212,254.3,254.21,False,False,
647,2023-06-26T13:35:20Z,-84.4199999999995,254.49,254.45,False,True,254.45
648,2023-06-26T13:36:30Z,5.000000000001137,254.8,254.73,True,False,-254.8
649,2023-06-26T13:37:30Z,0.9999999999990905,254.15,254.09,False,False,
650,2023-06-26T13:38:00Z,4.499999999995907,254.0,253.94,False,False,
651,2023-06-26T13:38:20Z,2.203199999999697,254.4,254.38,False,False,
652,2023-06-26T13:38:50Z,6.0000000000030695,254.27,254.21,False,False,
653,2023-06-26T13:39:20Z,-7.230000000001096,254.07,254.03,False,True,254.03
654,2023-06-26T13:39:50Z,1.1700000000000443,253.78,253.74,True,False,-253.78
655,2023-06-26T13:40:40Z,-4.409999999998945,254.17,254.13,False,True,254.13
656,2023-06-26T13:43:10Z,50.999999999990564,253.73,253.68,True,False,-253.73
657,2023-06-26T13:43:50Z,6.999999999999318,253.73,253.68,False,False,
658,2023-06-26T13:44:10Z,40.99999999998829,254.08,254.02,False,False,
659,2023-06-26T13:44:30Z,0.9999999999990905,254.16,254.11,False,False,
660,2023-06-26T13:45:20Z,192.50000000002956,254.59,254.54,False,False,
661,2023-06-26T13:46:00Z,7.014000000006035,254.39,254.35,False,False,
662,2023-06-26T13:46:50Z,5.310400000005643,255.34,255.3,False,False,
663,2023-06-26T13:47:00Z,0.01999999999497959,255.42,255.37,False,False,
664,2023-06-26T13:47:10Z,3.470000000001505,255.3,255.24,False,False,
665,2023-06-26T13:47:40Z,0.003800000000126147,255.89,255.83,False,False,
666,2023-06-26T13:47:50Z,33.9999999999975,255.76,255.72,False,False,
667,2023-06-26T13:48:00Z,1.0000000000019327,255.77,255.74,False,False,
668,2023-06-26T13:48:10Z,17.124999999994373,255.67,255.63,False,False,
669,2023-06-26T13:49:20Z,7.373299999998892,255.66,255.63,False,False,
670,2023-06-26T13:49:40Z,6.930000000000263,255.79,255.77,False,False,
671,2023-06-26T13:49:50Z,0.9999999999990905,255.82,255.76,False,False,
672,2023-06-26T13:50:10Z,23.15999999999167,255.37,255.35,False,False,
673,2023-06-26T13:50:40Z,2.1199999999964803,256.36,256.33,False,False,
674,2023-06-26T13:52:00Z,1.159999999998945,256.25,256.22,False,False,
675,2023-06-26T13:52:20Z,23.703299999991486,256.17,256.12,False,False,
676,2023-06-26T13:52:30Z,11.759800000013797,256.12,256.07,False,False,
677,2023-06-26T13:52:50Z,3.5621000000012373,256.15,256.11,False,False,
678,2023-06-26T13:53:40Z,0.5199999999995271,255.93,255.87,False,False,
679,2023-06-26T13:53:50Z,0.15619999999987044,255.92,255.86,False,False,
680,2023-06-26T13:54:10Z,21.999999999985675,256.14,256.1,False,False,
681,2023-06-26T13:54:20Z,0.49999999999954525,256.18,256.13,False,False,
682,2023-06-26T13:54:30Z,137.49999999994316,256.3,256.27,False,False,
683,2023-06-26T13:55:00Z,30.680000000014275,256.77,256.74,False,False,
684,2023-06-26T13:55:40Z,35.148000000018556,256.73,256.69,False,False,
685,2023-06-26T13:57:10Z,1.290000000000191,257.1,257.04,False,False,
686,2023-06-26T13:57:30Z,0.8199999999987995,256.66,256.63,False,False,
687,2023-06-26T13:58:00Z,0.3198000000036245,256.71,256.67,False,False,
688,2023-06-26T13:59:30Z,3.999999999996362,256.69,256.66,False,False,
689,2023-06-26T13:59:50Z,0.3999999999996362,256.67,256.63,False,False,
690,0.0,0.0,0.0,0.0,0.0,0.0,256.63
691,2023-06-27T13:00:30Z,2.5599999999976717,242.85,242.82,True,False,-242.85
692,2023-06-27T13:01:00Z,0.01999999999998181,242.78,242.65,False,False,
693,2023-06-27T13:02:10Z,0.5000000000009663,242.82,242.72,False,False,
694,2023-06-27T13:02:50Z,0.009999999999990905,242.74,242.66,False,False,
695,2023-06-27T13:05:50Z,0.06999999999999318,242.85,242.72,False,False,
696,2023-06-27T13:09:10Z,1.0000000000019327,243.41,243.4,False,False,
697,2023-06-27T13:10:30Z,0.009999999999990905,243.43,243.31,False,False,
698,2023-06-27T13:14:40Z,55.00000000000682,243.55,243.46,False,False,
699,2023-06-27T13:16:20Z,0.09999999999990905,243.33,243.25,False,False,
700,2023-06-27T13:16:50Z,5.599999999998886,243.35,243.34,False,False,
701,2023-06-27T13:20:30Z,15.000000000000568,243.65,243.58,False,False,
702,2023-06-27T13:23:30Z,3.0000000000001137,243.6,243.56,False,False,
703,2023-06-27T13:25:20Z,11.999999999989086,243.58,243.42,False,False,
704,2023-06-27T13:25:30Z,5.999999999994543,243.43,243.32,False,False,
705,2023-06-27T13:26:20Z,0.160000000000025,243.56,243.32,False,False,
706,2023-06-27T13:27:30Z,0.9999999999990905,243.48,243.41,False,False,
707,2023-06-27T13:27:40Z,-6.827871601444713e-13,243.45,243.41,False,True,243.41
708,2023-06-27T13:28:00Z,15.999999999996817,243.22,243.14,True,False,-243.22
709,2023-06-27T13:29:30Z,11.989999999989095,243.3,243.2,False,False,
710,2023-06-27T13:30:10Z,8.749999999999858,243.08,243.02,False,False,
711,2023-06-27T13:30:20Z,-13.200000000000651,244.36,244.31,False,True,244.31
712,2023-06-27T13:30:30Z,54.05779999998856,244.3,244.23,True,False,-244.3
713,2023-06-27T13:31:00Z,7.655000000001166,244.75,244.66,False,False,
714,2023-06-27T13:31:10Z,-10.520000000002494,244.79,244.74,False,True,244.74
715,2023-06-27T13:31:20Z,6.480000000000246,244.08,244.01,True,False,-244.08
716,2023-06-27T13:31:30Z,-10.400000000000237,244.37,244.32,False,True,244.32
717,2023-06-27T13:31:40Z,0.6250000000001421,244.3,244.25,True,False,-244.3
718,2023-06-27T13:32:00Z,119.23000000002631,244.04,243.94,False,False,
719,2023-06-27T13:32:10Z,104.29000000002259,243.92,243.83,False,False,
720,2023-06-27T13:32:40Z,0.22140000000035798,242.19,242.1,False,False,
721,2023-06-27T13:32:50Z,-4.813649479018522e-13,241.69,241.6,False,True,241.6
722,2023-06-27T13:33:30Z,1.4849999999981378,241.76,241.68,True,False,-241.76
723,2023-06-27T13:34:00Z,2.2399999999979627,241.48,241.4,False,False,
724,2023-06-27T13:34:10Z,5.780000000001166,242.07,241.95,False,False,
725,2023-06-27T13:34:20Z,39.20000000000317,242.34,242.31,False,False,
726,2023-06-27T13:34:40Z,148.78000000000975,242.62,242.55,False,False,
727,2023-06-27T13:35:00Z,6.769999999993843,243.13,243.08,False,False,
728,2023-06-27T13:35:30Z,64.46399999998846,243.72,243.67,False,False,
729,2023-06-27T13:35:50Z,279.99999999998977,244.31,244.22,False,False,
730,2023-06-27T13:36:10Z,139.2500000000055,244.87,244.8,False,False,
731,2023-06-27T13:36:20Z,-219.3800000000051,245.1,245.02,False,True,245.02
732,2023-06-27T13:36:30Z,-17.399999999988452,243.73,243.7,False,False,
733,2023-06-27T13:36:40Z,6.799999999999841,243.94,243.83,True,False,-243.94
734,2023-06-27T13:36:50Z,-1.0000000000022742,243.8,243.73,False,True,243.73
735,2023-06-27T13:37:10Z,-0.6599999999994748,242.53,242.44,False,False,
736,2023-06-27T13:37:40Z,70.99999999999227,242.84,242.77,True,False,-242.84
737,2023-06-27T13:37:50Z,55.999999999997385,243.75,243.65,False,False,
738,2023-06-27T13:38:10Z,83.50600000000895,243.82,243.76,False,False,
739,2023-06-27T13:38:30Z,6.000000000005912,243.93,243.88,False,False,
740,2023-06-27T13:38:40Z,18.200000000001637,244.11,244.06,False,False,
741,2023-06-27T13:39:10Z,15.150000000004582,244.26,244.16,False,False,
742,2023-06-27T13:39:40Z,104.00000000000205,243.76,243.7,False,False,
743,2023-06-27T13:41:00Z,-28.29500000000091,243.9,243.85,False,True,243.85
744,2023-06-27T13:41:20Z,1.0000000000019327,243.96,243.92,True,False,-243.96
745,2023-06-27T13:41:40Z,0.9999999999990905,244.13,244.07,False,False,
746,2023-06-27T13:42:00Z,0.7000000000033424,244.09,244.06,False,False,
747,2023-06-27T13:42:10Z,30.475999999982832,244.56,244.48,False,False,
748,2023-06-27T13:42:20Z,3.380000000001729,244.26,244.2,False,False,
749,2023-06-27T13:42:40Z,6.990000000001828,244.52,244.47,False,False,
750,2023-06-27T13:43:10Z,7.656500000003518,244.37,244.34,False,False,
751,2023-06-27T13:43:20Z,48.80000000000848,244.05,244.01,False,False,
752,2023-06-27T13:43:30Z,-100.79999999998763,243.94,243.89,False,True,243.89
753,2023-06-27T13:44:00Z,129.55119999998269,242.41,242.35,True,False,-242.41
754,2023-06-27T13:44:10Z,4.82359999999926,242.34,242.3,False,False,
755,2023-06-27T13:44:20Z,15.18999999999852,242.47,242.4,False,False,
756,2023-06-27T13:45:20Z,1.9499999999965212,242.84,242.79,False,False,
757,2023-06-27T13:45:40Z,53.040000000007694,243.78,243.73,False,False,
758,2023-06-27T13:45:50Z,8.800000000004502,243.69,243.65,False,False,
759,2023-06-27T13:46:10Z,1.2079999999971847,244.38,244.35,False,False,
760,2023-06-27T13:46:20Z,-5.575000000003406,244.11,244.05,False,True,244.05
761,2023-06-27T13:46:50Z,2.400000000001228,243.75,243.7,True,False,-243.75
762,2023-06-27T13:47:10Z,30.89599999999507,243.94,243.88,False,False,
763,2023-06-27T13:47:30Z,1.0299000000004241,243.82,243.77,False,False,
764,2023-06-27T13:48:00Z,-251.61799999998772,243.32,243.28,False,True,243.28
765,2023-06-27T13:48:10Z,57.59999999998968,243.18,243.12,True,False,-243.18
766,2023-06-27T13:48:40Z,-0.2400000000013508,243.88,243.83,False,True,243.83
767,2023-06-27T13:48:50Z,5.735000000000952,243.72,243.67,True,False,-243.72
768,2023-06-27T13:49:20Z,5.883800000000605,244.0,243.96,False,False,
769,2023-06-27T13:49:50Z,0.4400000000002251,243.84,243.8,False,False,
770,2023-06-27T13:50:00Z,1.2300000000010414,243.94,243.89,False,False,
771,2023-06-27T13:50:10Z,23.01880000000301,244.01,243.95,False,False,
772,2023-06-27T13:52:40Z,0.8000000000009777,245.92,245.88,False,False,
773,2023-06-27T13:53:10Z,10.999999999989996,245.9,245.84,False,False,
774,2023-06-27T13:54:50Z,21.639999999993563,245.19,245.14,False,False,
775,2023-06-27T13:57:40Z,28.28000000000219,244.67,244.59,False,False,
776,0.0,0.0,0.0,0.0,0.0,0.0,245.89
777,2023-06-28T13:00:10Z,1.0000000000019327,251.6,251.52,True,False,-251.6
778,2023-06-28T13:00:50Z,46.99999999999136,251.75,251.71,False,False,
779,2023-06-28T13:03:40Z,36.79999999999325,251.75,251.7,False,False,
780,2023-06-28T13:03:50Z,32.79999999999404,251.75,251.7,False,False,
781,2023-06-28T13:04:50Z,1.999999999998181,251.66,251.55,False,False,
782,2023-06-28T13:06:10Z,-4.4200000000025375,251.4,251.3,False,True,251.3
783,2023-06-28T13:06:30Z,0.49999999999954525,251.59,251.4,True,False,-251.59
784,2023-06-28T13:07:30Z,4.069999999999197,251.23,251.14,False,False,
785,2023-06-28T13:08:40Z,30.000000000001137,251.29,251.21,False,False,
786,2023-06-28T13:11:00Z,2.1079999999983556,250.97,250.92,False,False,
787,2023-06-28T13:12:20Z,5.000000000001137,251.16,251.05,False,False,
788,2023-06-28T13:12:50Z,0.49999999999954525,251.09,251.0,False,False,
789,2023-06-28T13:13:00Z,5.500000000000682,251.09,251.05,False,False,
790,2023-06-28T13:14:20Z,0.16000000000030923,250.92,250.82,False,False,
791,2023-06-28T13:17:10Z,1.999999999998181,250.69,250.61,False,False,
792,2023-06-28T13:18:20Z,11.37999999998965,250.7,250.65,False,False,
793,2023-06-28T13:19:50Z,10.99999999999568,250.7,250.65,False,False,
794,2023-06-28T13:20:10Z,5.999999999994543,250.69,250.63,False,False,
795,2023-06-28T13:26:50Z,1.149999999998954,250.91,250.88,False,False,
796,2023-06-28T13:27:00Z,2.1499999999980446,250.9,250.88,False,False,
797,2023-06-28T13:28:10Z,46.79999999999609,249.32,249.25,False,False,
798,2023-06-28T13:30:30Z,-11.922499999996518,250.63,250.54,False,True,250.54
799,2023-06-28T13:30:40Z,0.08499999999992269,250.43,250.36,True,False,-250.43
800,2023-06-28T13:31:30Z,54.500000000004434,249.44,249.37,False,False,
801,2023-06-28T13:33:20Z,0.16999999999984539,251.05,250.94,False,False,
802,2023-06-28T13:33:50Z,16.994999999993325,251.22,251.13,False,False,
803,2023-06-28T13:34:00Z,26.951199999987807,251.26,251.15,False,False,
804,2023-06-28T13:36:10Z,90.40000000002806,250.4,250.29,False,False,
805,2023-06-28T13:36:20Z,5.999999999997385,250.67,250.6,False,False,
806,2023-06-28T13:36:30Z,1.9949999999981856,251.3,251.24,False,False,
807,2023-06-28T13:37:10Z,90.0000000000091,251.3,251.24,False,False,
808,2023-06-28T13:37:30Z,0.9999999999990905,251.64,251.57,False,False,
809,2023-06-28T13:37:40Z,-3.3200000000026066,251.81,251.77,False,True,251.77
810,2023-06-28T13:38:30Z,0.05520000000183245,251.84,251.79,True,False,-251.84
811,2023-06-28T13:38:40Z,3.834000000006199,252.1,252.05,False,False,
812,2023-06-28T13:39:40Z,1.999999999998181,252.67,252.63,False,False,
813,2023-06-28T13:40:00Z,-23.519999999998394,252.98,252.9,False,True,252.9
814,2023-06-28T13:42:20Z,1.9955999999986318,254.2,254.12,True,False,-254.2
815,2023-06-28T13:42:40Z,0.9900000000016007,254.06,254.01,False,False,
816,2023-06-28T13:45:00Z,3.060700000000537,254.08,254.03,False,False,
817,2023-06-28T13:45:30Z,5.460000000005039,253.81,253.75,False,False,
818,2023-06-28T13:46:30Z,6.480000000003315,253.95,253.88,False,False,
819,2023-06-28T13:47:00Z,3.999999999996362,253.35,253.29,False,False,
820,2023-06-28T13:47:10Z,6.000000000000227,253.56,253.48,False,False,
821,2023-06-28T13:47:30Z,4.749999999998522,253.72,253.66,False,False,
822,2023-06-28T13:49:00Z,37.999999999985334,254.77,254.76,False,False,
823,2023-06-28T13:49:30Z,125.71999999999719,255.1,255.05,False,False,
824,2023-06-28T13:50:30Z,1.6800000000000637,254.66,254.61,False,False,
825,2023-06-28T13:51:10Z,7.36999999999847,255.17,255.12,False,False,
826,2023-06-28T13:51:50Z,4.250000000000398,255.5,255.45,False,False,
827,2023-06-28T13:53:10Z,1.500000000001478,255.71,255.67,False,False,
828,2023-06-28T13:53:30Z,0.2699999999995839,255.45,255.4,False,False,
829,2023-06-28T13:53:40Z,6.019999999994525,255.49,255.45,False,False,
830,2023-06-28T13:54:50Z,6.779999999997415,255.05,255.0,False,False,
831,2023-06-28T13:55:00Z,0.6349999999994225,254.9,254.85,False,False,
832,2023-06-28T13:55:40Z,2.9300000000010584,254.8,254.76,False,False,
833,2023-06-28T13:56:00Z,1.2700000000024545,254.58,254.54,False,False,
834,2023-06-28T13:57:00Z,1.72000000000196,255.18,255.12,False,False,
835,0.0,0.0,0.0,0.0,0.0,0.0,254.6
836,2023-06-29T13:01:20Z,5.000000000001137,259.39,259.29,True,False,-259.39
837,2023-06-29T13:03:30Z,1.9800000000032014,259.2,259.11,False,False,
838,2023-06-29T13:03:40Z,0.3999999999996362,259.19,259.11,False,False,
839,2023-06-29T13:08:10Z,1.999999999998181,259.35,259.25,False,False,
840,2023-06-29T13:11:40Z,9.000000000008868,258.94,258.85,False,False,
841,2023-06-29T13:12:00Z,0.9399999999991451,259.0,258.86,False,False,
842,2023-06-29T13:12:10Z,13.999999999998636,259.12,259.01,False,False,
843,2023-06-29T13:12:30Z,0.9999999999990905,259.12,259.01,False,False,
844,2023-06-29T13:13:40Z,0.9899999999990996,258.69,258.6,False,False,
845,2023-06-29T13:14:30Z,0.03999999999996362,258.45,258.36,False,False,
846,2023-06-29T13:16:50Z,3.999999999996362,258.4,258.37,False,False,
847,2023-06-29T13:17:30Z,0.020000000000095497,258.45,258.34,False,False,
848,2023-06-29T13:18:20Z,9.99999999999659,258.4,258.3,False,False,
849,2023-06-29T13:20:20Z,0.040000000000020464,258.48,258.37,False,False,
850,2023-06-29T13:22:20Z,7.149999999993497,258.84,258.7,False,False,
851,2023-06-29T13:22:30Z,97.19999999998066,258.87,258.78,False,False,
852,2023-06-29T13:25:40Z,4.000000000002046,258.9,258.81,False,False,
853,2023-06-29T13:27:10Z,6.000000000005912,258.9,258.82,False,False,
854,2023-06-29T13:28:50Z,5.919999999998822,258.24,258.13,False,False,
855,2023-06-29T13:29:40Z,2.849999999997408,258.32,258.09,False,False,
856,2023-06-29T13:30:10Z,-19.24999999999892,258.95,258.81,False,True,258.81
857,2023-06-29T13:30:20Z,10.914999999999964,258.44,258.33,True,False,-258.44
858,2023-06-29T13:30:30Z,-0.16000000000036385,258.25,258.18,False,True,258.18
859,2023-06-29T13:30:40Z,6.075999999990245,258.06,257.99,True,False,-258.06
860,2023-06-29T13:31:00Z,2.4599999999977626,258.17,258.1,False,False,
861,2023-06-29T13:31:40Z,5.290000000009002,257.84,257.73,False,False,
862,2023-06-29T13:33:10Z,1.149999999998954,259.32,259.22,False,False,
863,2023-06-29T13:33:20Z,8.178399999998987,259.54,259.5,False,False,
864,2023-06-29T13:33:30Z,0.4900000000023397,259.55,259.51,False,False,
865,2023-06-29T13:34:00Z,2.1977999999909343,260.36,260.28,False,False,
866,2023-06-29T13:34:40Z,7.269999999993388,260.42,260.39,False,False,
867,2023-06-29T13:36:20Z,0.3499999999996817,259.99,259.92,False,False,
868,2023-06-29T13:36:30Z,1.4999999999986358,259.97,259.92,False,False,
869,2023-06-29T13:37:00Z,2.20999999999799,260.08,260.03,False,False,
870,2023-06-29T13:38:40Z,5.84999999999809,260.42,260.36,False,False,
871,2023-06-29T13:39:10Z,4.980000000000473,260.31,260.24,False,False,
872,2023-06-29T13:39:30Z,0.9900000000016007,260.24,260.2,False,False,
873,2023-06-29T13:40:30Z,22.53999999999121,259.28,259.2,False,False,
874,2023-06-29T13:41:30Z,0.008399999999994634,259.19,259.14,False,False,
875,2023-06-29T13:42:10Z,4.9999999999954525,259.22,259.17,False,False,
876,2023-06-29T13:42:20Z,0.9900000000016007,258.98,258.93,False,False,
877,2023-06-29T13:42:40Z,83.24999999992428,259.06,259.01,False,False,
878,2023-06-29T13:42:50Z,1.999999999998181,259.2,259.13,False,False,
879,2023-06-29T13:43:20Z,2.9999999999972715,259.89,259.82,False,False,
880,2023-06-29T13:44:00Z,15.000000000011937,259.5,259.42,False,False,
881,2023-06-29T13:44:20Z,0.9999999999990905,259.7,259.63,False,False,
882,2023-06-29T13:45:30Z,32.05000000001576,258.65,258.6,False,False,
883,2023-06-29T13:46:20Z,79.00000000001342,258.13,258.09,False,False,
884,2023-06-29T13:46:40Z,10.18000000000228,258.46,258.44,False,False,
885,2023-06-29T13:46:50Z,0.560000000001537,258.44,258.39,False,False,
886,2023-06-29T13:47:00Z,78.17999999998995,259.09,259.03,False,False,
887,2023-06-29T13:47:30Z,10.04000000001497,259.18,259.12,False,False,
888,2023-06-29T13:47:40Z,39.632600000005425,258.88,258.83,False,False,
889,2023-06-29T13:47:50Z,28.267000000045073,258.86,258.78,False,False,
890,2023-06-29T13:48:30Z,4.02000000000271,258.58,258.53,False,False,
891,2023-06-29T13:49:30Z,1.5299999999967895,258.57,258.52,False,False,
892,2023-06-29T13:50:20Z,2.879999999998631,258.82,258.75,False,False,
893,2023-06-29T13:51:30Z,0.9999999999990905,258.16,258.1,False,False,
894,2023-06-29T13:52:10Z,1.50000000000432,258.09,258.06,False,False,
895,2023-06-29T13:52:40Z,2.280000000007476,258.37,258.33,False,False,
896,2023-06-29T13:53:10Z,27.3750000000166,258.42,258.36,False,False,
897,2023-06-29T13:53:20Z,0.49999999999954525,258.06,258.0,False,False,
898,2023-06-29T13:53:40Z,-0.8799999999980993,258.06,257.99,False,True,257.99
899,2023-06-29T13:53:50Z,1.3699999999960255,257.9,257.84,True,False,-257.9
900,2023-06-29T13:54:00Z,2.719999999999345,258.05,258.0,False,False,
901,2023-06-29T13:54:10Z,54.716000000011036,258.16,258.1,False,False,
902,2023-06-29T13:56:30Z,22.39500000000305,256.88,256.83,False,False,
903,2023-06-29T13:56:40Z,59.62500000002535,256.79,256.75,False,False,
904,2023-06-29T13:58:10Z,4.444999999995957,257.13,257.1,False,False,
905,2023-06-29T13:58:30Z,3.999999999996362,256.79,256.75,False,False,
906,0.0,0.0,0.0,0.0,0.0,0.0,257.05
907,2023-06-30T13:01:40Z,3.999999999996362,260.21,260.16,True,False,-260.21
908,2023-06-30T13:05:10Z,0.049999999999954525,260.38,260.35,False,False,
909,2023-06-30T13:07:40Z,1.0000000000047748,260.7,260.65,False,False,
910,2023-06-30T13:07:50Z,0.9900000000016007,260.7,260.65,False,False,
911,2023-06-30T13:10:10Z,14.949800000001403,260.68,260.6,False,False,
912,2023-06-30T13:11:10Z,5.999999999994543,260.8,260.76,False,False,
913,2023-06-30T13:12:00Z,1.2999999999988177,260.71,260.61,False,False,
914,2023-06-30T13:15:30Z,0.9799999999991087,260.69,260.58,False,False,
915,2023-06-30T13:18:00Z,8.00000000002683,260.44,260.37,False,False,
916,2023-06-30T13:19:10Z,1.999999999998181,260.5,260.43,False,False,
917,2023-06-30T13:21:20Z,0.08999999999991815,260.4,260.36,False,False,
918,2023-06-30T13:21:50Z,1.999999999998181,260.38,260.36,False,False,
919,2023-06-30T13:23:00Z,0.22999999999979082,260.39,260.35,False,False,
920,2023-06-30T13:23:30Z,0.1999999999998181,260.37,260.35,False,False,
921,2023-06-30T13:30:10Z,97.52500000000452,260.31,260.21,False,False,
922,2023-06-30T13:32:20Z,0.4455000000007203,260.79,260.72,False,False,
923,2023-06-30T13:33:20Z,0.6699999999993906,261.64,261.61,False,False,
924,2023-06-30T13:35:00Z,-0.030399999997207994,261.2,261.12,False,True,261.12
925,2023-06-30T13:35:30Z,5.942699999999036,260.93,260.82,True,False,-260.93
926,2023-06-30T13:36:00Z,0.1615000000021496,261.45,261.41,False,False,
927,2023-06-30T13:36:10Z,12.150000000002592,261.42,261.36,False,False,
928,2023-06-30T13:37:20Z,-32.00000000003752,261.95,261.89,False,True,261.89
929,2023-06-30T13:37:30Z,3.7499999999965894,261.69,261.62,True,False,-261.69
930,2023-06-30T13:37:50Z,43.84999999992942,261.58,261.5,False,False,
931,2023-06-30T13:38:00Z,17.50000000000398,261.6,261.53,False,False,
932,2023-06-30T13:38:30Z,10.380000000000393,261.21,261.19,False,False,
933,2023-06-30T13:39:10Z,10.329999999990605,261.28,261.25,False,False,
934,2023-06-30T13:39:50Z,3.8654000000013866,261.33,261.26,False,False,
935,2023-06-30T13:40:20Z,0.5499999999983629,261.2,261.14,False,False,
936,2023-06-30T13:41:30Z,12.659999999988486,261.25,261.21,False,False,
937,2023-06-30T13:41:50Z,0.7599999999968077,261.29,261.26,False,False,
938,2023-06-30T13:42:40Z,1.100799999992887,261.57,261.52,False,False,
939,2023-06-30T13:43:30Z,17.169999999984384,261.38,261.33,False,False,
940,2023-06-30T13:44:20Z,9.200000000007549,261.74,261.7,False,False,
941,2023-06-30T13:45:20Z,-8.230000000003372,262.35,262.31,False,True,262.31
942,2023-06-30T13:45:50Z,4.000000000002046,262.39,262.35,True,False,-262.39
943,2023-06-30T13:46:00Z,1.2800000000024738,262.38,262.34,False,False,
944,2023-06-30T13:47:00Z,1.999999999998181,262.2,262.16,False,False,
945,2023-06-30T13:47:40Z,0.9999999999990905,262.21,262.16,False,False,
946,2023-06-30T13:48:20Z,2.6550000000076466,262.24,262.17,False,False,
947,2023-06-30T13:48:30Z,2.70640000000094,262.1,262.06,False,False,
948,2023-06-30T13:48:40Z,-1.9799999999981999,262.07,262.03,False,True,262.03
949,2023-06-30T13:49:00Z,-2.758000000004495,262.05,262.02,False,False,
950,2023-06-30T13:49:10Z,10.999999999989996,262.06,262.03,True,False,-262.06
951,2023-06-30T13:49:50Z,17.000000000007276,262.04,262.01,False,False,
952,2023-06-30T13:50:00Z,6.2999999999999545,262.06,262.0,False,False,
953,2023-06-30T13:50:20Z,2.9999999999972715,262.05,261.98,False,False,
954,2023-06-30T13:51:00Z,97.85000000000537,261.51,261.47,False,False,
955,2023-06-30T13:51:20Z,3.999999999996362,261.76,261.74,False,False,
956,2023-06-30T13:52:20Z,13.659999999998945,261.7,261.68,False,False,
957,2023-06-30T13:52:30Z,5.149199999994835,261.74,261.7,False,False,
958,2023-06-30T13:52:40Z,3.960000000006403,261.7,261.66,False,False,
959,2023-06-30T13:53:40Z,2.0000000000038654,261.57,261.52,False,False,
960,2023-06-30T13:54:00Z,2.939999999997326,261.69,261.66,False,False,
961,2023-06-30T13:54:30Z,3.860600000001341,261.57,261.53,False,False,
962,2023-06-30T13:56:40Z,13.067000000003759,261.07,261.03,False,False,
963,2023-06-30T13:57:10Z,26.499999999995794,260.83,260.79,False,False,
964,0.0,0.0,0.0,0.0,0.0,0.0,261.42
